2378 3788
141 227 182 292 5ο
360 213 456 276 Urbis
478 215 603 276 Romae
636 214 711 277 Viri
734 213 883 275 Illustres
983 284 986 291 ¹

139 433 194 491 nisi
224 434 335 491 Marius
365 435 475 492 fuisset.
539 435 598 490 Hic
631 439 725 507 primi)
755 435 905 491 Teutones
937 434 993 493 sub
1025 435 1097 510 ipsis

139 538 258 614 Alpium
281 538 428 596 ridicibus
451 538 609 596 adsecutus
633 539 746 613 proelii)
772 540 927 614 oppressit.
977 541 1097 598 Vallem

140 644 319 718 fluviumque
338 644 471 713 medium
490 643 589 701 hostes
608 644 765 716 tenebant3
788 647 931 703 Rciminis
951 653 1096 721 aquirum

139 750 218 808 milla
244 750 341 824 cipia.
399 751 494 807 Aucta
521 750 695 807 necessitite
722 750 812 808 virtius
841 768 930 808 causa
954 753 1096 809 victuriae

106 878 116 925 5
140 855 202 913 fuit.
254 856 332 912 Nam
357 855 505 930 fligitante
531 873 638 929 aquam
663 856 792 914 exercitu
818 857 938 929 Marius,
974 857 1094 930 “Viri''

139 961 242 1036 inquit,
268 965 286 992 “
297 961 374 1032 estis,
400 978 438 1017 en
462 961 519 1017 illic
544 977 650 1034 aquam
678 960 820 1019 habetisJ’
876 963 981 1036 Itaque
1010 968 1095 1021 tanti)

140 1066 244 1124 irdtire
275 1072 436 1142 piguitum
468 1076 512 1123 est
543 1084 636 1140 eaque
668 1066 776 1125 caedes
807 1067 936 1125 hostium
967 1067 1031 1139 fuit,
1062 1079 1095 1126 ut

139 1173 268 1231 Rumini
295 1175 420 1230 victites
449 1171 487 1230 de
516 1177 638 1229 cruenti)
667 1171 787 1229 flumine
815 1177 876 1229 nim
904 1173 969 1247 plius
998 1191 1094 1248 aquae

139 1278 276 1336 biberent
297 1296 386 1352 quam
408 1278 554 1352 sanguinis
576 1278 773 1336 barbartirum.
822 1278 917 1336 Caesa
938 1278 1095 1337 triduntur

93 1409 119 1440 ιο
140 1376 267 1442 hostium
299 1383 427 1441 ducenta
459 1383 547 1453 milia,
579 1393 667 1457 capta
697 1383 865 1458 nuniginti.
929 1385 997 1442 Rex
1028 1385 1094 1459 ipse

138 1489 350 1548 Teutobochus
381 1490 411 1545 in
444 1490 579 1562 proximu
611 1489 684 1545 saltu
716 1489 947 1564 comprehensus
979 1496 1093 1566 insigne

140 1595 340 1670 specticulum
368 1594 507 1667 triumphi
531 1594 603 1666 fuit;
637 1599 747 1668 quippe
768 1595 812 1652 vir
833 1595 1017 1669 prticen'titis
1043 1615 1092 1654 ex-

139 1701 226 1758 imiae
249 1718 336 1775 super
358 1709 480 1773 tropaea
500 1699 564 1773 ipsa
585 1699 743 1757 eminebat.

180 1807 292 1864 Deletis
319 1805 502 1863 Teutonibus
530 1805 564 1863 C.
595 1805 705 1862 Marius
733 1805 763 1861 in
791 1804 928 1864 Cimbris
958 1810 990 1864 se
1019 1824 1092 1865 con-

93 1940 116 1987 15
138 1913 234 1970 vertit.
277 1912 425 1985 Quicum
446 1929 482 1968 ex
504 1911 559 1967 alii
581 1920 663 1984 parte
683 1911 797 1967 Italiam
817 1910 938 1985 ingressi
956 1911 1093 1970 Athesim

139 2018 249 2076 flfimen
278 2022 338 2074 nun
368 2026 459 2090 ponte
489 2034 544 2073 nec
573 2015 703 2087 nivibus,
730 2015 783 2072 sed
811 2015 926 2073 iniectis
954 2017 1094 2076 arborum

139 2129 257 2194 truncis,
273 2122 352 2179 velut
370 2139 485 2196 aggere,
504 2121 693 2192 triiecissent,
711 2121 837 2178 occurrit
857 2128 898 2179 eis
917 2122 952 2180 C.
970 2123 1093 2182 Marius,

140 2229 253 2288 Cimbri
277 2228 388 2303 legatus
413 2226 451 2283 ad
480 2227 631 2284 cunsulem
660 2231 809 2299 miserunt,
832 2232 917 2302 agnis
945 2229 1094 2304 urbesque

140 2335 195 2394 sibi
223 2344 252 2393 et
280 2334 413 2392 fritribus
442 2332 623 2408 postulantes
634 2353 642 2403 ;
669 2333 838 2389 Teutonum
867 2333 946 2390 enim
974 2334 1093 2393 elidem

90 2467 118 2498 ιο
138 2441 321 2515 ἱςηόῐὲϋειηῑ.
364 2439 532 2512 Quaerente
551 2437 656 2508 Maris),
674 2443 748 2512 quus
768 2438 808 2494 illi
826 2438 928 2496 sritres
948 2438 1093 2513 dicerent,

140 2564 208 2603 cum
226 2547 376 2602 Teutones
396 2543 605 2613 neminissent,
623 2542 721 2600 ridens
743 2543 862 2616 MariuS,
895 2547 913 2575 “
924 2545 1092 2618 Omittite,’'

138 2651 242 2725 inquit,
269 2651 399 2707 “fritres
410 2671 418 2721 3
455 2658 557 2707 tenent
585 2649 616 2705 hi
643 2658 797 2722 acceptam
826 2655 843 2706 5
870 2650 955 2708 nubis
983 2661 1093 2710 terram

139 2766 351 2828 aeternumque
370 2754 541 2811 tenebunt.'’
583 2754 660 2810 Tum
680 2754 768 2828 legati
789 2758 820 2811 se
841 2753 967 2812 ludibrin
990 2756 1094 2815 haben

139 2861 298 2919 sentientes
318 2860 459 2917 ultit‘mem
479 2860 575 2916 Marii)
595 2859 697 2916 miniti
715 2868 790 2931 sunt,
806 2858 891 2916 simul
910 2870 999 2935 atque
1015 2863 1093 2920 Teu·

90 2995 115 3042 25
138 2971 223 3024 tunes
240 2964 436 3023 advenissent.
476 2967 587 3039 “Atqui
604 2965 738 3035 adsunt,”
756 2965 851 3038 inquit
869 2966 990 3038 MariuS,
1009 2970 1092 3025 “nec

113 3077 115 3081 '
138 3076 208 3129 sine
231 3070 313 3128 civile
335 3071 418 3142 foret,
440 3075 493 3127 viis
516 3070 649 3127 fritribus
671 3076 771 3127 vestris
794 3076 855 3127 min
879 3070 1007 3129 salutatis
1033 3071 1092 3131 dis-

138 3175 275 3235 cedere.''
322 3176 399 3232 Tum
420 3176 536 3233 vinctis
560 3175 669 3234 addici
692 3176 774 3233 iussit
795 3177 963 3234 Teutonum
988 3176 1092 3250 duces,

137 3283 238 3357 quiin
259 3282 373 3356 proelii>
394 3288 474 3356 capti
494 3292 585 3339 erant.

179 3390 235 3446 His
260 3388 347 3445 rebus
372 3387 477 3445 auditis
502 3387 614 3447 Cimbri
637 3387 825 3464 egrediuntur
847 3393 948 3444 castris
971 3397 1093 3447 etcum
