2378 3788
147 229 189 291 24
362 211 460 275 Urbis
482 213 608 275 Romae
633 213 706 277 Viri
725 214 875 276 Illustres

145 437 221 503 acto,
240 438 290 506 qui
311 432 442 488 militiam
464 432 650 504 detrectaret,
669 433 699 490 in
721 433 889 491 servitutem
911 434 1091 494 venderetur.

146 539 215 596 Hoc
231 543 340 595 terrore
356 542 446 594 ceteri
460 538 557 596 adacti
571 540 692 596 nomina
706 539 871 614 promptius
886 539 1043 599 dederunt.

186 645 242 701 His
263 643 355 716 copiis
377 643 481 701 Curius
504 644 605 718 Pyrrhi
626 646 788 702 exercitum
809 644 919 704 cecidit
940 645 1039 721 deque
1061 651 1095 704 eo

145 753 214 824 rege
236 748 433 823 triumphavit.
476 735 625 825 insignem
651 751 831 825 triumphum
856 751 993 810 feceruut
1014 762 1096 826 quat·

110 874 121 922 5
145 864 211 912 tuor
235 854 384 929 elephanti
408 872 476 911 curn
503 856 628 913 turribus
653 862 719 928 suis,
744 866 806 914 tum
829 862 956 931 primum
983 859 1098 916 Romae

144 966 204 1019 visi.
253 961 356 1017 Victus
383 964 435 1017 rex
462 960 564 1018 relicto
592 962 712 1018 Tarenti
739 961 886 1035 praesidio
914 962 945 1018 in
975 949 1099 1038 Epirum

143 1065 270 1124 revertit.
312 1067 389 1125 Cum
404 1076 502 1124 autem
518 1067 627 1126 bellurn
645 1072 834 1125 renovaturus
855 1072 1016 1143 putiretur‚
1033 1071 1099 1128 Ma-

143 1172 225 1230 nium
240 1173 360 1230 Curium
378 1174 483 1231 iterum
503 1174 654 1232 consulem
676 1174 739 1232 fieri
760 1175 879 1249 placuit.
921 1175 981 1233 Sed
1003 1175 1100 1250 inopi·

143 1284 212 1336 na‘rta
226 1297 304 1336 mors
319 1280 394 1354 regis
409 1282 560 1338 Rominos
575 1284 656 1338 metir
675 1281 816 1339 liberivit.
859 1281 984 1354 Pyrrhus
1007 1281 1100 1354 enirn,

96 1404 122 1436 10
143 1383 215 1442 dum
229 1387 323 1460 Argos
338 1390 499 1460 oppugnat,
514 1386 618 1444 urbem
639 1386 696 1443 iam
712 1387 858 1461 ingressus
872 1392 889 1444 i
903 1386 1008 1444 iuvene
1023 1393 1099 1461 quo-

143 1489 212 1548 dam
227 1492 333 1566 Argivo
348 1490 450 1548 lancea
464 1491 567 1549 leviter
580 1493 746 1549 vulneratus
765 1502 817 1550 est.
861 1493 958 1550 Miter
979 1492 1100 1552 adules-

142 1596 245 1668 centis,
274 1615 345 1654 anus
372 1597 559 1672 paupercula,
585 1615 653 1654 curn
682 1597 743 1655 aiiis
772 1597 941 1656 mulieribus
968 1602 986 1656 ἓ
1015 1603 1100 1658 tecto

142 1701 258 1760 domus
269 1702 413 1776 proelium
428 1703 582 1778 spectabat
593 1724 601 1774 ;
623 1721 699 1777 quae
721 1722 789 1760 cunr
810 1702 930 1761 vidisset
952 1704 1099 1778 Pyrrhum

142 1808 172 1864 in
195 1813 345 1866 auctorem
368 1809 494 1866 vulneris
519 1815 563 1866 sui
585 1813 692 1883 magno
720 1809 834 1883 impetu
862 1809 937 1879 ferri,
962 1811 1099 1883 periculo

95 1931 119 1979 15
143 1913 198 1970 nin
220 1920 263 1971 sui
282 1918 433 1972 commota
454 1915 585 1988 protinus
608 1914 736 1989 tigulam
758 1914 898 1989 corripuit
920 1925 950 1972 et
970 1920 1097 1990 utrique

141 2024 230 2077 mani
251 2020 383 2078 libratam
405 2019 435 2076 in
456 2030 546 2094 caput
567 2020 642 2094 regis
663 2019 782 2077 deiecit.

301 2277 399 2333 XIV.
431 2277 578 2330 Marcus
597 2278 729 2331 Atilius
747 2277 917 2343 lappulus.

560 2417 608 2474 256
626 2424 673 2461 nc,

180 2548 297 2606 Mircus
317 2547 446 2622 Regulus
466 2564 535 2604 cum
555 2550 670 2605 Poenos
692 2553 798 2622 magni
818 2547 902 2605 clade
924 2546 1094 2622 adiecisset,

141 2654 251 2711 Hanno
267 2652 515 2728 Carthiginiensis
530 2651 568 2710 ad
584 2671 652 2710 eum
667 2653 754 2724 veuit,
770 2653 852 2727 quasi
868 2653 906 2710 de
923 2658 996 2727 pice
1012 2660 1096 2712 actii-

139 2777 197 2829 rus,
212 2763 243 2816 re
257 2762 326 2816 viri
340 2769 371 2816 ut
386 2769 503 2833 tempus
518 2757 691 2828 extraheret,
708 2759 805 2816 donec
820 2777 913 2816 novae
929 2759 1034 2832 copiae
1057 2778 1096 2818 ex

91 2884 118 2915 20
139 2848 237 2921 rifrica
256 2861 435 2921 advenirent.
479 2866 508 2921 Is
526 2865 575 2921 ubi
593 2863 632 2920 ad
654 2864 803 2921 consulem
826 2864 959 2933 accessit,
976 2875 1096 2925 exortus

140 2978 185 3027 est
199 2969 322 3026 militum
338 2969 449 3027 clamor
465 2969 624 3043 auditaque
645 2974 712 3039 vox,
729 2968 810 3026 idem
832 2969 900 3026 huie
923 2968 1095 3027 faciendum

139 3092 212 3146 esse,
228 3075 310 3149 quod
333 3081 434 3149 paucis
456 3085 525 3132 ante
549 3081 631 3132 annis
655 3075 793 3132 Cornelio
815 3075 928 3132 consuli
948 3080 965 3132 i
986 3076 1095 3135 Poenis

138 3180 247 3238 iactum
269 3190 355 3239 esset.
397 3181 550 3238 Corn'e'lius
572 3181 752 3238 enirnvelut
772 3181 802 3237 in
823 3181 1014 3255 conloquium
1039 3198 1096 3256 per

138 3286 272 3343 fraudem
304 3291 442 3344 evocitus
471 3291 488 3343 a
516 3287 621 3343 Poenis
653 3285 883 3360 comprehensus
915 3296 976 3344 erat
1005 3287 1095 3347 etin

46 3443 49 3448 .
90 3414 115 3461 ²5
138 3392 254 3451 vincula
278 3392 439 3450 coniectus
484 3391 548 3448 Iarn
578 3392 688 3448 Hanno
714 3391 817 3449 timere
841 3391 1013 3467 incipiebat,
1038 3391 1094 3451 sed
