2378 3788
185 191 225 265 58
406 185 504 248 Urbis
526 186 651 247 lemnae
677 187 747 249 Viri
768 187 918 249 lllrtstres

183 418 236 479 ret,
250 408 362 466 levibus
384 408 500 482 proeliis
522 409 667 466 lacessivit
688 410 841 468 Serterius
884 410 972 481 Nam,
989 429 1058 469 curn
1078 419 1137 472 nen

183 514 278 571 minus
293 524 395 571 cautus
410 524 487 571 esset
502 532 592 589 quam
607 520 674 572 ecer
693 515 1029 589 imperitor,1iniversae
1050 519 1136 576 dimi-

182 620 306 677 catienis
331 619 489 677 discrimen
513 621 631 691 vitebat,
657 620 739 695 quod
767 622 910 696 imparem
940 627 971 680 se
999 624 1136 682 finiverso

183 727 385 783 Remainerum
420 726 560 783 exercitui
593 733 733 799 sentiret3
768 727 886 785 interim
913 733 983 787 vere
1018 729 1135 788 hostem

149 852 159 898 5
182 832 291 889 crebris
312 830 426 889 damnis
449 831 597 906 fatigebat.

223 937 299 994 Cum
320 937 478 1011 aliquande
501 937 607 995 milites
628 938 690 995 eius
715 942 844 1012 prignam
869 939 1035 998 incensulte
1056 941 1134 1016 flegi-

183 1049 278 1099 terent
302 1060 398 1117 neque
424 1042 556 1100 emtione
581 1042 660 1100 flecti
683 1053 814 1116 possent,
835 1049 873 1101 ne
898 1062 966 1101 cum
991 1047 1135 1105 Romenis

182 1148 316 1206 finiverse
337 1149 402 1206 acie
424 1149 581 1223 cenfligere
602 1149 719 1219 vellent,
741 1150 885 1207 Sertorius
907 1151 988 1209 vafre
1011 1153 1135 1210 censilio

182 1258 233 1311 ees
255 1254 293 1311 ad
314 1272 397 1312 suam
418 1255 594 1312 sententiam
616 1255 762 1329 perdfixit.
806 1257 889 1312 Duos
911 1257 990 1313 enim
1011 1258 1042 1314 in
1065 1265 1134 1317 con-

135 1388 161 1419 io
182 1364 285 1434 specui
318 1365 421 1417 eorum
449 1361 601 1418 constituit
631 1365 732 1436 eques,
761 1361 884 1418 alterum
912 1362 1135 1437 validissimum,

167 1465 305 1523 'alterum
320 1466 572 1539 infirmissimum;
594 1485 629 1523 ac
644 1466 753 1524 deinde
768 1466 857 1524 validi
875 1467 1001 1525 caudam
1022 1469 1062 1528 ab
1081 1471 1134 1528 im-

182 1572 288 1631 becille
308 1590 378 1629 sene
399 1572 539 1646 pauletim
561 1579 650 1646 carpi,
664 1573 778 1630 infirmi
797 1578 815 1630 e
835 1556 940 1631 iuvene
960 1575 1135 1634 eximierum

180 1678 284 1735 virium
313 1678 477 1735 nniversam
506 1678 631 1735 convelli
660 1678 751 1736 iussit.
804 1679 1134 1753 Obtemperetumim-

181 1783 264 1858 perio
279 1794 332 1841 est.
374 1783 432 1842 Sed
448 1783 519 1841 dum
537 1783 733 1842 adulescentis
753 1783 856 1842 dextra
870 1785 957 1843 inrite
979 1791 1010 1844 se
1031 1787 1135 1847 labere

134 1913 158 1958 15
181 1888 290 1964 fatigat,
306 1889 388 1947 senie
410 1890 547 1947 confecta
568 1908 671 1946 manus
693 1890 829 1964 perfecit,
850 1890 932 1964 quod
954 1891 1135 1967 imperitum

181 2005 248 2052 erat.
291 1996 376 2052 'lunc
405 1995 595 2054 barbarerum
624 1995 769 2052 centioni·
783 2001 963 2070 cognescere
992 1999 1135 2074 cupienti,

180 2106 319 2174 quersum
337 2119 373 2158 ea
391 2106 437 2159 res
451 2101 596 2173 tenderet,
629 2103 735 2174 “Equi
751 2100 893 2172 caudae‚’'
905 2102 1009 2177 inquit,
1025 2107 1044 2134 “
1054 2105 1135 2164 simi·

180 2206 214 2264 lis
237 2217 282 2264 est
307 2207 435 2266 hostium
460 2207 604 2265 exercitus
616 2227 624 2279 ;
652 2207 734 2264 cuius
759 2212 810 2281 qui
833 2211 931 2281 partes
956 2210 1135 2285 aggreditur,

180 2312 265 2370 facile
287 2323 386 2387 potest
408 2314 577 2387 opprimere
588 2333 596 2384 3
619 2319 722 2370 contre
741 2312 813 2369 nihil
835 2313 979 2386 preficiet,
997 2321 1049 2389 qui
1069 2318 1134 2375 irni-

131 2442 159 2473 20
178 2436 295 2476 versum
316 2419 472 2478 conabitur
491 2420 709 2493 presternere.’'

220 2525 314 2582 Cerva
328 2524 394 2583 alba
413 2524 538 2582 eximiae
556 2523 780 2600 pulchritudinis
800 2530 817 2581 e
838 2525 978 2585 Liisitene
999 2527 1135 2600 quodam

179 2630 307 2687 Sertorio
321 2630 402 2688 dene
417 2629 488 2688 data
502 2638 554 2688 est.
598 2632 686 2687 Hanc
707 2630 748 2687 ita
769 2629 983 2703 adsuefecerat,
999 2640 1031 2689 ut
1049 2634 1132 2693 audi·

195 2804 213 2836 1.
229 2792 352 2846 lacessivit,
364 2791 472 2838 assailed.
680 2806 713 2848 14.
729 2793 806 2845 inrito,
817 2796 839 2836 to
849 2806 878 2836 no
884 2798 992 2850 purpose.

192 2877 212 2922 5.
229 2867 317 2910 crebris
325 2868 427 2920 damnis,
433 2867 626 2925 frequentlosses.
680 2880 713 2922 17.
729 2868 852 2923 quersum
873 2868 992 2920 whitlter:
1013 2869 1132 2925 quersurn

192 2942 213 2985 6.
228 2941 367 2995 incensulte,
387 2942 586 2997 inconsiderately.
758 2943 873 2996 tenderet,
887 2943 953 2987 what
967 2956 1017 2986 war
1035 2944 1077 2989 tlte
1095 2946 1134 2991 ob·

191 3029 213 3071 7.
227 3014 298 3068 flecti,
308 3016 334 3059 be
348 3017 438 3069 iamed,
449 3017 475 3060 he
491 3016 625 3074 influenced.
753 3016 809 3073 ject.

192 3091 213 3134 8.
228 3088 300 3144 vafre,
311 3093 392 3148 crasfy,
404 3091 485 3148 artful.
678 3103 713 3135 21.
729 3103 804 3143 cerva,
820 3090 895 3142 itur·
912 3089 1035 3145 Ledeue,
1048 3106 1080 3137 arr
1095 3094 1132 3137 in·

179 3177 213 3209 12.
228 3165 355 3218 imbecille,
384 3164 465 3216 weak:
500 3168 571 3221 carpi,
601 3166 627 3208 be
759 3165 868 3208 habitant
880 3166 911 3222 of
918 3165 1052 3221 Lusitania,
1067 3168 1131 3213 nod·
1160 3204 1178 3217 ,.

255 3240 356 3296 plucked
369 3244 415 3284 ont.
759 3251 802 3282 ern
812 3239 934 3296 Portugal.

179 3325 213 3371 13.
228 3315 335 3367 convelli,
356 3315 381 3358 be
402 3314 486 3370 pulled
504 3319 559 3365 out,·
584 3313 627 3358 ob·

258 3392 424 3446 temperetum,
439 3389 526 3440 obeyed.
