2378 3788
144 206 185 268 30
365 189 463 252 Urbis
484 189 610 251 Romae
635 189 706 253 Viri·
727 189 878 252 Illustres

143 422 195 470 est.
238 413 366 487 Ingressi
385 410 552 486 prediteres
574 416 687 470 ceteres
712 412 813 487 vigiles
838 417 950 487 sepites
975 414 1090 471 obtrun-

142 528 220 576 cant.
260 518 338 575 Tum
357 517 508 575 Hannibal
528 536 595 574 curn
618 522 670 575 sue
693 518 809 593 agmine
831 518 1012 592 ingreditur,
1035 521 1093 578 Re-

142 631 220 682 meni
240 624 348 699 passim
371 622 560 681 trucidantur.
604 624 699 681 Livius
721 623 871 694 Salinetor,
891 625 1094 683 Remenerum

142 731 316 805 praefectus,
341 748 410 786 cum
436 735 485 799 eis,
511 735 561 803 qui
585 729 672 786 caedi
699 730 912 804 superfuerunt,
938 729 968 786 in
996 748 1096 788 arcem

94 859 104 905 5
142 837 284 911 cdnst'rgit.

183 943 332 1000 Profectus
353 941 441 1016 igitur
458 940 565 998 Fabius
580 941 619 998 ad
640 938 842 1015 recipiendum
863 940 1026 998 Tarentum
1047 961 1096 1000 ur-

142 1050 210 1107 bem
235 1047 389 1106 obsidiene
415 1047 515 1117 cinxit,
539 1064 628 1120 quem
654 1046 717 1103 leve
741 1046 823 1104 dictu
846 1051 1032 1104 mementum
1056 1048 1099 1107 ad

142 1173 204 1211 rem
229 1154 379 1227 ingentem
404 1151 616 1227 perficiendam
645 1151 764 1209 adiuvit.
815 1152 981 1210 Praefectus
1010 1171 1098 1228 prae-

142 1260 208 1317 sidii
226 1260 376 1316 Tarentini
390 1258 544 1334 deperibat
565 1265 665 1316 amere
690 1256 886 1329 mulierculae,
902 1259 984 1316 cuius
1007 1259 1099 1318 freter

94 1395 120 1424 10
141 1366 171 1422 in
186 1365 314 1423 exercite
330 1365 413 1422 Fabii
427 1375 498 1422 erat.
541 1365 626 1421 Miles
648 1364 741 1421 iussus
760 1369 777 1420 e
795 1364 818 1420 F
820 1364 887 1422 abif)
903 1369 956 1437 pre
971 1366 1099 1442 perfuge

139 1473 300 1528 Tarentum
316 1471 427 1528 tr'a‘nsiit
441 1489 476 1527 ac
496 1488 549 1544 per
570 1475 700 1528 sorerem
723 1470 905 1544 praefectum
920 1470 959 1528 ad
974 1471 1096 1530 treden-

141 1577 210 1634 darn
231 1577 335 1634 urbem
356 1576 491 1650 perpulit.
534 1577 641 1634 Fabius
664 1569 761 1651 vigilie
786 1582 880 1651 prime
904 1579 1029 1636 accessit
1054 1580 1097 1638 ad

141 1692 342 1757 campartem
365 1687 446 1752 mirri,
465 1700 554 1756 quam
576 1683 739 1756 praefectus
762 1683 957 1741 custediebat.
999 1685 1094 1743 Adiu-

139 1789 273 1847 vantibus
288 1788 555 1862 recipientibusque
570 1789 631 1846 eius
646 1789 783 1847 militibus
800 1791 927 1847 Remeni
941 1789 971 1847 in
986 1791 1094 1850 urbem

93 1917 117 1962 15
140 1894 392 1953 trenscenderunt.
436 1894 522 1966 Inde,
550 1895 683 1969 proxime
711 1902 796 1970 porte
823 1897 956 1968 retrecte,
982 1897 1095 1957 Fabius

140 2019 208 2057 cum
223 2000 353 2057 exercitu
367 2000 490 2056 intrevit.
532 2001 681 2058 Hannibal
696 2003 827 2059 mintiete
841 2004 961 2060 Tarenti
975 2010 1094 2080 opprig-

139 2106 257 2163 netiene
273 2124 340 2162 cum
355 2106 393 2163 ad
407 2123 497 2180 opem
511 2105 663 2163 ferendam
686 2107 823 2166 festinens
846 2120 964 2184 captam
985 2112 1093 2170 urbem

140 2229 203 2269 esse
228 2211 393 2283 audivisset,
427 2213 496 2268 “Et
521 2213 676 2283 Remeni,'’
703 2215 806 2289 inquit,
833 2219 948 2274 “suum
974 2219 1093 2276 Hanni-

139 2318 236 2376 balern
258 2317 366 2376 habent
378 2338 386 2388 3
416 2317 529 2389 eedem,
552 2324 610 2393 que
634 2324 814 2394 ceperemus,
836 2334 899 2381 arte
927 2325 1092 2384 Tarentum

90 2451 118 2482 20
139 2424 315 2481 emisimus.'’

179 2530 256 2587 Cum
270 2534 374 2603 postee
389 2529 485 2586 Livius
507 2530 649 2589 Salinetor
670 2539 770 2592 ceram
794 2536 886 2595 Fabie
908 2538 1091 2612 glerieretur,

97 2715 99 2719 7
138 2633 219 2708 quod
234 2652 331 2691 arcem
346 2636 535 2692 Tarentinam
557 2639 731 2713 retinuisset,
747 2643 925 2717 dixissetque
949 2663 1017 2701 eum
1039 2652 1092 2703 sue

139 2746 229 2813 opere
251 2741 411 2797 Tarentum
436 2745 591 2818 recepisse,
633 2749 778 2818 “Certe'’
803 2749 897 2823 inquit
923 2750 1031 2808 Fabius
1053 2757 1090 2808 ri-

139 2844 221 2921 dens,
237 2848 254 2875 “
264 2863 333 2902 nam
348 2848 403 2904 nisi
418 2854 448 2907 tu
463 2853 615 2924 emisisses
632 2872 688 2927 ego
703 2873 863 2928 numquam
881 2857 1090 2930 recepissem.”

90 2985 115 3030 ²5
180 2951 305 3029 Quintus
321 2954 428 3013 Fabius
443 2958 501 3014 iam
517 2977 606 3015 senex
621 2959 683 3016 filie
699 2965 751 3017 sue
767 2961 879 3017 censuli
893 2961 1004 3035 legetus
1016 2962 1089 3035 fuit3

139 3075 265 3131 cumque
281 3060 311 3116 in
326 3062 386 3119 eius
402 3073 496 3120 castra
509 3071 629 3134 veniret,
643 3065 719 3122 filius
735 3066 852 3122 obviam
867 3073 942 3140 patri
956 3073 1089 3142 pregres·

138 3181 186 3221 sus
211 3175 264 3238 est,
290 3167 451 3226 duodecim
474 3170 623 3227 licteribus
648 3176 701 3244 pre
724 3176 806 3228 mere
834 3171 1089 3232 antecedentibus.

139 3271 225 3344 Eque
253 3274 413 3332 vehebaitur
441 3293 531 3332 senex
559 3293 655 3348 neque
684 3280 939 3351 appropinquante
967 3280 1088 3338 censule

138 3378 302 3437 descendit.
337 3381 409 3436 >Iam
425 3398 462 3437 ex
477 3380 625 3437 licteribus
640 3381 780 3438 undecim
794 3383 972 3441 verecundie
992 3394 1087 3459 pater-
