<?xml version="1.0" encoding="UTF-8"?>
<!DOCTYPE html PUBLIC "-//W3C//DTD XHTML 1.0 Transitional//EN"
    "http://www.w3.org/TR/xhtml1/DTD/xhtml1-transitional.dtd">
<html xmlns="http://www.w3.org/1999/xhtml" xml:lang="en" lang="en">
 <head>
  <title>
</title>
<meta http-equiv="Content-Type" content="text/html;charset=utf-8" />
  <meta name='ocr-system' content='tesseract 3.04.00' />
  <meta name='ocr-capabilities' content='ocr_page ocr_carea ocr_par ocr_line ocrx_word'/>
</head>
<body>
  <div class='ocr_page' id='page_1' title='image "./selectionsfromv01lhogoog_0074.png"; bbox 0 0 2378 3788; ppageno 0'>
   <div class='ocr_carea' id='block_1_1' title="bbox 331 236 1045 317">
    <p class='ocr_par' dir='ltr' id='par_1_1' title="bbox 331 236 1045 317">
     <span class='ocr_line' id='line_1_1' title="bbox 331 236 1045 317; baseline -0.004 -17"><span class='ocrx_word' id='word_1_1' title='bbox 331 237 474 300; x_wconf 82' lang='lat' dir='ltr'><em>Publius</em></span> <span class='ocrx_word' id='word_1_2' title='bbox 500 236 667 301; x_wconf 79' lang='lat' dir='ltr'>Cornelius</span> <span class='ocrx_word' id='word_1_3' title='bbox 699 237 807 317; x_wconf 70' lang='lat' dir='ltr'>Scipio</span> <span class='ocrx_word' id='word_1_4' title='bbox 1006 251 1045 317; x_wconf 93' lang='lat'>37</span> 
     </span>
    </p>
   </div>
   <div class='ocr_carea' id='block_1_2' title="bbox 48 456 1084 1060">
    <p class='ocr_par' dir='ltr' id='par_1_2' title="bbox 48 456 1084 1060">
     <span class='ocr_line' id='line_1_2' title="bbox 90 456 1047 535; baseline -0.001 -19"><span class='ocrx_word' id='word_1_5' title='bbox 90 468 208 516; x_wconf 87' lang='lat' dir='ltr'><strong>menter</strong></span> <span class='ocrx_word' id='word_1_6' title='bbox 218 458 364 535; x_wconf 76' lang='lat' dir='ltr'>gessisset,</span> <span class='ocrx_word' id='word_1_7' title='bbox 377 458 556 515; x_wconf 77' lang='lat' dir='ltr'>circumfusa</span> <span class='ocrx_word' id='word_1_8' title='bbox 568 456 725 514; x_wconf 74' lang='lat' dir='ltr'>multitudo</span> <span class='ocrx_word' id='word_1_9' title='bbox 737 475 804 513; x_wconf 90' lang='lat' dir='ltr'>eum</span> <span class='ocrx_word' id='word_1_10' title='bbox 820 461 920 532; x_wconf 73' lang='lat' dir='ltr'>regem</span> <span class='ocrx_word' id='word_1_11' title='bbox 934 457 1047 532; x_wconf 86' lang='lat' dir='ltr'>ingenti</span> 
     </span>
     <span class='ocr_line' id='line_1_3' title="bbox 48 562 1045 638; baseline 0 -17"><span class='ocrx_word' id='word_1_12' title='bbox 48 576 52 581; x_wconf 80' lang='grc'><strong><em>’</em></strong></span> <span class='ocrx_word' id='word_1_13' title='bbox 90 568 240 622; x_wconf 75' lang='lat' dir='ltr'>consensi</span> <span class='ocrx_word' id='word_1_14' title='bbox 264 563 440 638; x_wconf 78' lang='lat' dir='ltr'>appellavit3</span> <span class='ocrx_word' id='word_1_15' title='bbox 469 573 499 620; x_wconf 92' lang='lat' dir='ltr'>at</span> <span class='ocrx_word' id='word_1_16' title='bbox 524 564 621 637; x_wconf 77' lang='lat' dir='ltr'>Scipio</span> <span class='ocrx_word' id='word_1_17' title='bbox 646 562 762 619; x_wconf 78' lang='lat' dir='ltr'>silentii)</span> <span class='ocrx_word' id='word_1_18' title='bbox 787 579 841 636; x_wconf 89' lang='lat' dir='ltr'>per</span> <span class='ocrx_word' id='word_1_19' title='bbox 866 568 1045 637; x_wconf 80' lang='lat' dir='ltr'>praeconem</span> 
     </span>
     <span class='ocr_line' id='line_1_4' title="bbox 90 668 1043 744; baseline 0.002 -18"><span class='ocrx_word' id='word_1_20' title='bbox 90 671 182 744; x_wconf 77' lang='lat' dir='ltr'>sacto,</span> <span class='ocrx_word' id='word_1_21' title='bbox 215 669 363 726; x_wconf 77' lang='lat' dir='ltr'>“Nomen</span> <span class='ocrx_word' id='word_1_22' title='bbox 384 669 598 743; x_wconf 73' lang='lat' dir='ltr'>imperatoris,&#39;&#39;</span> <span class='ocrx_word' id='word_1_23' title='bbox 614 668 717 742; x_wconf 89' lang='lat' dir='ltr'>inquit,</span> <span class='ocrx_word' id='word_1_24' title='bbox 734 671 821 741; x_wconf 78' lang='lat' dir='ltr'>“quo</span> <span class='ocrx_word' id='word_1_25' title='bbox 844 673 891 726; x_wconf 73' lang='lat' dir='ltr'>me</span> <span class='ocrx_word' id='word_1_26' title='bbox 913 676 972 726; x_wconf 89' lang='lat' dir='ltr'>mei</span> <span class='ocrx_word' id='word_1_27' title='bbox 992 677 1043 728; x_wconf 91' lang='lat' dir='ltr'>mi-</span> 
     </span>
     <span class='ocr_line' id='line_1_5' title="bbox 90 775 1044 849; baseline 0.002 -17"><span class='ocrx_word' id='word_1_28' title='bbox 90 776 158 832; x_wconf 70' lang='lat' dir='ltr'>lites</span> <span class='ocrx_word' id='word_1_29' title='bbox 186 775 378 849; x_wconf 76' lang='lat' dir='ltr'>appellarunt,</span> <span class='ocrx_word' id='word_1_30' title='bbox 404 775 475 832; x_wconf 90' lang='lat' dir='ltr'>mihi</span> <span class='ocrx_word' id='word_1_31' title='bbox 504 775 664 832; x_wconf 75' lang='lat' dir='ltr'>maximum</span> <span class='ocrx_word' id='word_1_32' title='bbox 693 784 738 831; x_wconf 89' lang='lat' dir='ltr'>est</span> <span class='ocrx_word' id='word_1_33' title='bbox 748 795 757 846; x_wconf 78' lang='lat'><em>3</em></span> <span class='ocrx_word' id='word_1_34' title='bbox 786 776 897 848; x_wconf 65' lang='lat' dir='ltr'>regium</span> <span class='ocrx_word' id='word_1_35' title='bbox 926 782 1044 849; x_wconf 80' lang='lat' dir='ltr'>nomen,</span> 
     </span>
     <span class='ocr_line' id='line_1_6' title="bbox 89 879 1084 958; baseline 0.003 -21"><span class='ocrx_word' id='word_1_36' title='bbox 89 880 161 938; x_wconf 91' lang='lat' dir='ltr'>alibi</span> <span class='ocrx_word' id='word_1_37' title='bbox 185 886 333 954; x_wconf 75' lang='lat' dir='ltr'>magnum,</span> <span class='ocrx_word' id='word_1_38' title='bbox 356 881 471 938; x_wconf 74' lang='lat' dir='ltr'>Romae</span> <span class='ocrx_word' id='word_1_39' title='bbox 495 879 677 944; x_wconf 75' lang='lat' dir='ltr'>intoleriibile</span> <span class='ocrx_word' id='word_1_40' title='bbox 702 889 754 936; x_wconf 90' lang='lat' dir='ltr'>est.</span> <span class='ocrx_word' id='word_1_41' title='bbox 799 881 827 938; x_wconf 90' lang='lat' dir='ltr'>Si</span> <span class='ocrx_word' id='word_1_42' title='bbox 849 880 878 937; x_wconf 90' lang='lat' dir='ltr'>id</span> <span class='ocrx_word' id='word_1_43' title='bbox 903 883 1044 957; x_wconf 87' lang='lat' dir='ltr'>amplissi-</span> <span class='ocrx_word' id='word_1_44' title='bbox 1073 911 1084 958; x_wconf 86' lang='lat'>5</span> 
     </span>
     <span class='ocr_line' id='line_1_7' title="bbox 90 985 1044 1060; baseline 0.002 -17"><span class='ocrx_word' id='word_1_45' title='bbox 90 1005 174 1043; x_wconf 91' lang='lat' dir='ltr'>mum</span> <span class='ocrx_word' id='word_1_46' title='bbox 200 985 345 1057; x_wconf 73' lang='lat' dir='ltr'>iudicitis,</span> <span class='ocrx_word' id='word_1_47' title='bbox 370 985 452 1060; x_wconf 90' lang='lat' dir='ltr'>quod</span> <span class='ocrx_word' id='word_1_48' title='bbox 480 986 575 1059; x_wconf 77' lang='lat' dir='ltr'>regile</span> <span class='ocrx_word' id='word_1_49' title='bbox 602 996 655 1056; x_wconf 89' lang='lat' dir='ltr'>est,</span> <span class='ocrx_word' id='word_1_50' title='bbox 681 987 763 1044; x_wconf 81' lang='lat' dir='ltr'>vobis</span> <span class='ocrx_word' id='word_1_51' title='bbox 789 986 858 1043; x_wconf 89' lang='lat' dir='ltr'>licet</span> <span class='ocrx_word' id='word_1_52' title='bbox 882 989 1044 1045; x_wconf 76' lang='lat' dir='ltr'>existimire</span> 
     </span>
    </p>
   </div>
   <div class='ocr_carea' id='block_1_3' title="bbox 90 1091 1092 1700">
    <p class='ocr_par' dir='ltr' id='par_1_3' title="bbox 90 1091 1092 1700">
     <span class='ocr_line' id='line_1_8' title="bbox 90 1091 1045 1168; baseline 0.004 -19"><span class='ocrx_word' id='word_1_53' title='bbox 90 1092 222 1166; x_wconf 76' lang='lat' dir='ltr'>regalem</span> <span class='ocrx_word' id='word_1_54' title='bbox 247 1091 277 1149; x_wconf 92' lang='lat' dir='ltr'>in</span> <span class='ocrx_word' id='word_1_55' title='bbox 300 1096 348 1148; x_wconf 76' lang='lat' dir='ltr'>me</span> <span class='ocrx_word' id='word_1_56' title='bbox 371 1108 435 1149; x_wconf 88' lang='lat' dir='ltr'>esse</span> <span class='ocrx_word' id='word_1_57' title='bbox 460 1091 611 1163; x_wconf 85' lang='lat' dir='ltr'>animum;</span> <span class='ocrx_word' id='word_1_58' title='bbox 637 1092 691 1149; x_wconf 89' lang='lat' dir='ltr'>sed</span> <span class='ocrx_word' id='word_1_59' title='bbox 714 1097 766 1150; x_wconf 78' lang='lat' dir='ltr'>oro</span> <span class='ocrx_word' id='word_1_60' title='bbox 789 1097 850 1163; x_wconf 78' lang='lat' dir='ltr'>vos,</span> <span class='ocrx_word' id='word_1_61' title='bbox 872 1102 904 1149; x_wconf 92' lang='lat' dir='ltr'>ut</span> <span class='ocrx_word' id='word_1_62' title='bbox 928 1099 945 1151; x_wconf 77' lang='lat' dir='ltr'>i</span> <span class='ocrx_word' id='word_1_63' title='bbox 970 1095 1045 1168; x_wconf 73' lang='lat' dir='ltr'>regis</span> 
     </span>
     <span class='ocr_line' id='line_1_9' title="bbox 91 1196 1044 1274; baseline 0.002 -19"><span class='ocrx_word' id='word_1_64' title='bbox 91 1197 291 1273; x_wconf 74' lang='lat' dir='ltr'>appellatione</span> <span class='ocrx_word' id='word_1_65' title='bbox 306 1196 504 1255; x_wconf 74' lang='lat' dir='ltr'>abstineatis&#39;&#39;</span> <span class='ocrx_word' id='word_1_66' title='bbox 548 1198 671 1256; x_wconf 75' lang='lat' dir='ltr'>Sensere</span> <span class='ocrx_word' id='word_1_67' title='bbox 692 1198 781 1255; x_wconf 90' lang='lat' dir='ltr'>etiam</span> <span class='ocrx_word' id='word_1_68' title='bbox 799 1198 913 1256; x_wconf 87' lang='lat' dir='ltr'>barbari</span> <span class='ocrx_word' id='word_1_69' title='bbox 934 1201 1044 1274; x_wconf 76' lang='lat' dir='ltr'>migni-</span> 
     </span>
     <span class='ocr_line' id='line_1_10' title="bbox 90 1303 1046 1378; baseline 0.002 -17"><span class='ocrx_word' id='word_1_70' title='bbox 90 1304 228 1362; x_wconf 81' lang='lat' dir='ltr'>tudinem</span> <span class='ocrx_word' id='word_1_71' title='bbox 250 1304 348 1376; x_wconf 89' lang='lat' dir='ltr'>animi,</span> <span class='ocrx_word' id='word_1_72' title='bbox 369 1309 429 1378; x_wconf 74' lang='lat' dir='ltr'>qua</span> <span class='ocrx_word' id='word_1_73' title='bbox 449 1304 547 1378; x_wconf 80' lang='lat' dir='ltr'>Scipio</span> <span class='ocrx_word' id='word_1_74' title='bbox 568 1303 599 1360; x_wconf 91' lang='lat' dir='ltr'>id</span> <span class='ocrx_word' id='word_1_75' title='bbox 621 1303 838 1378; x_wconf 77' lang='lat' dir='ltr'>ispemabittur,</span> <span class='ocrx_word' id='word_1_76' title='bbox 853 1304 935 1378; x_wconf 90' lang='lat' dir='ltr'>quod</span> <span class='ocrx_word' id='word_1_77' title='bbox 956 1311 1046 1363; x_wconf 73' lang='lat' dir='ltr'>ceteri</span> 
     </span>
     <span class='ocr_line' id='line_1_11' title="bbox 92 1410 1092 1483; baseline 0.005 -17"><span class='ocrx_word' id='word_1_78' title='bbox 92 1411 231 1469; x_wconf 75' lang='lat' dir='ltr'>mortales</span> <span class='ocrx_word' id='word_1_79' title='bbox 253 1410 433 1468; x_wconf 88' lang='lat' dir='ltr'>admirantur</span> <span class='ocrx_word' id='word_1_80' title='bbox 454 1419 484 1467; x_wconf 90' lang='lat' dir='ltr'>ct</span> <span class='ocrx_word' id='word_1_81' title='bbox 506 1416 729 1483; x_wconf 87' lang='lat' dir='ltr'>concupiscunt.</span> <span class='ocrx_word' id='word_1_82' title='bbox 1068 1440 1092 1471; x_wconf 82' lang='grc' dir='ltr'>ια</span> 
     </span>
     <span class='ocr_line' id='line_1_12' title="bbox 133 1516 1044 1593; baseline 0.002 -20"><span class='ocrx_word' id='word_1_83' title='bbox 133 1517 232 1591; x_wconf 75' lang='lat' dir='ltr'>Scipio</span> <span class='ocrx_word' id='word_1_84' title='bbox 260 1522 382 1590; x_wconf 75' lang='lat' dir='ltr'>recepta</span> <span class='ocrx_word' id='word_1_85' title='bbox 409 1516 555 1591; x_wconf 62' lang='lat' dir='ltr'>Hispania}</span> <span class='ocrx_word' id='word_1_86' title='bbox 582 1534 650 1573; x_wconf 87' lang='lat' dir='ltr'>eum</span> <span class='ocrx_word' id='word_1_87' title='bbox 675 1517 734 1573; x_wconf 90' lang='lat' dir='ltr'>iam</span> <span class='ocrx_word' id='word_1_88' title='bbox 759 1517 868 1575; x_wconf 92' lang='lat' dir='ltr'>bellum</span> <span class='ocrx_word' id='word_1_89' title='bbox 893 1519 923 1576; x_wconf 90' lang='lat' dir='ltr'>in</span> <span class='ocrx_word' id='word_1_90' title='bbox 950 1519 1044 1593; x_wconf 86' lang='lat' dir='ltr'>ipsam</span> 
     </span>
     <span class='ocr_line' id='line_1_13' title="bbox 90 1607 1045 1700; baseline 0.002 -21"><span class='ocrx_word' id='word_1_91' title='bbox 90 1607 223 1679; x_wconf 67' lang='lat' dir='ltr'>Albinam</span> <span class='ocrx_word' id='word_1_92' title='bbox 238 1623 392 1679; x_wconf 73' lang='lat' dir='ltr'>transferre</span> <span class='ocrx_word' id='word_1_93' title='bbox 408 1621 609 1695; x_wconf 74' lang='lat' dir='ltr'>meditaretur,</span> <span class='ocrx_word' id='word_1_94' title='bbox 626 1622 827 1681; x_wconf 81' lang='lat' dir='ltr'>conciliandos</span> <span class='ocrx_word' id='word_1_95' title='bbox 845 1625 924 1698; x_wconf 85' lang='lat' dir='ltr'>prius</span> <span class='ocrx_word' id='word_1_96' title='bbox 942 1630 1045 1700; x_wconf 75' lang='lat' dir='ltr'>regum</span> 
     </span>
    </p>
   </div>
   <div class='ocr_carea' id='block_1_4' title="bbox 90 1727 1092 3494">
    <p class='ocr_par' dir='ltr' id='par_1_4' title="bbox 90 1727 1092 3386">
     <span class='ocr_line' id='line_1_14' title="bbox 91 1727 1045 1802; baseline 0.004 -18"><span class='ocrx_word' id='word_1_97' title='bbox 91 1737 122 1784; x_wconf 92' lang='lat' dir='ltr'>et</span> <span class='ocrx_word' id='word_1_98' title='bbox 136 1727 270 1802; x_wconf 89' lang='lat' dir='ltr'>gentium</span> <span class='ocrx_word' id='word_1_99' title='bbox 284 1727 398 1784; x_wconf 78' lang='lat' dir='ltr'>animos</span> <span class='ocrx_word' id='word_1_100' title='bbox 414 1727 597 1785; x_wconf 74' lang='lat' dir='ltr'>existimivit.</span> <span class='ocrx_word' id='word_1_101' title='bbox 633 1728 807 1802; x_wconf 76' lang='lat' dir='ltr'>Syphaicem</span> <span class='ocrx_word' id='word_1_102' title='bbox 818 1731 989 1787; x_wconf 81' lang='lat' dir='ltr'>Maurorum</span> <span class='ocrx_word' id='word_1_103' title='bbox 1004 1735 1045 1788; x_wconf 73' lang='lat' dir='ltr'>re-</span> 
     </span>
     <span class='ocr_line' id='line_1_15' title="bbox 91 1817 1045 1910; baseline 0.004 -20"><span class='ocrx_word' id='word_1_104' title='bbox 91 1851 171 1908; x_wconf 84' lang='lat' dir='ltr'>gem,</span> <span class='ocrx_word' id='word_1_105' title='bbox 186 1833 441 1907; x_wconf 91' lang='lat' dir='ltr'>opulentissimum</span> <span class='ocrx_word' id='word_1_106' title='bbox 461 1838 548 1891; x_wconf 83' lang='lat' dir='ltr'>totius</span> <span class='ocrx_word' id='word_1_107' title='bbox 563 1817 679 1890; x_wconf 67' lang='lat' dir='ltr'>dsricae</span> <span class='ocrx_word' id='word_1_108' title='bbox 702 1839 811 1909; x_wconf 77' lang='lat' dir='ltr'>regem,</span> <span class='ocrx_word' id='word_1_109' title='bbox 828 1854 917 1909; x_wconf 90' lang='lat' dir='ltr'>quem</span> <span class='ocrx_word' id='word_1_110' title='bbox 938 1842 1045 1910; x_wconf 73' lang='lat' dir='ltr'>magno</span> 
     </span>
     <span class='ocr_line' id='line_1_16' title="bbox 91 1939 1091 2016; baseline 0.003 -20"><span class='ocrx_word' id='word_1_111' title='bbox 91 1944 157 1997; x_wconf 75' lang='lat' dir='ltr'>sisui</span> <span class='ocrx_word' id='word_1_112' title='bbox 179 1939 233 1997; x_wconf 91' lang='lat' dir='ltr'>sibi</span> <span class='ocrx_word' id='word_1_113' title='bbox 257 1939 319 1996; x_wconf 85' lang='lat' dir='ltr'>sore</span> <span class='ocrx_word' id='word_1_114' title='bbox 342 1944 481 2014; x_wconf 71' lang='lat' dir='ltr'>spiriret,</span> <span class='ocrx_word' id='word_1_115' title='bbox 504 1945 631 2014; x_wconf 91' lang='lat' dir='ltr'>primum</span> <span class='ocrx_word' id='word_1_116' title='bbox 654 1946 766 1997; x_wconf 76' lang='lat' dir='ltr'>tentare</span> <span class='ocrx_word' id='word_1_117' title='bbox 790 1941 898 1999; x_wconf 82' lang='lat' dir='ltr'>statuit.</span> <span class='ocrx_word' id='word_1_118' title='bbox 941 1941 1044 2015; x_wconf 87' lang='lat' dir='ltr'>Itaque</span> <span class='ocrx_word' id='word_1_119' title='bbox 1067 1969 1091 2016; x_wconf 86' lang='lat'>15</span> 
     </span>
     <span class='ocr_line' id='line_1_17' title="bbox 90 2044 1044 2121; baseline 0.002 -20"><span class='ocrx_word' id='word_1_120' title='bbox 90 2044 221 2119; x_wconf 63' lang='lat' dir='ltr'>ligitum</span> <span class='ocrx_word' id='word_1_121' title='bbox 245 2062 314 2102; x_wconf 91' lang='lat' dir='ltr'>cum</span> <span class='ocrx_word' id='word_1_122' title='bbox 336 2044 421 2103; x_wconf 79' lang='lat' dir='ltr'>donis</span> <span class='ocrx_word' id='word_1_123' title='bbox 443 2044 481 2102; x_wconf 92' lang='lat' dir='ltr'>ad</span> <span class='ocrx_word' id='word_1_124' title='bbox 506 2063 574 2102; x_wconf 89' lang='lat' dir='ltr'>eum</span> <span class='ocrx_word' id='word_1_125' title='bbox 600 2046 678 2103; x_wconf 82' lang='lat' dir='ltr'>misit</span> <span class='ocrx_word' id='word_1_126' title='bbox 701 2046 736 2104; x_wconf 91' lang='lat' dir='ltr'>C.</span> <span class='ocrx_word' id='word_1_127' title='bbox 760 2047 900 2118; x_wconf 88' lang='lat' dir='ltr'>Laelium,</span> <span class='ocrx_word' id='word_1_128' title='bbox 916 2052 1044 2121; x_wconf 78' lang='lat' dir='ltr'>quocum</span> 
     </span>
     <span class='ocr_line' id='line_1_18' title="bbox 91 2149 1044 2226; baseline 0.004 -20"><span class='ocrx_word' id='word_1_129' title='bbox 91 2149 196 2207; x_wconf 75' lang='lat' dir='ltr'>intimi</span> <span class='ocrx_word' id='word_1_130' title='bbox 220 2150 415 2208; x_wconf 75' lang='lat' dir='ltr'>familiaritate</span> <span class='ocrx_word' id='word_1_131' title='bbox 438 2150 564 2208; x_wconf 68' lang='lat' dir='ltr'>vivaat.</span> <span class='ocrx_word' id='word_1_132' title='bbox 610 2151 727 2226; x_wconf 74' lang='lat' dir='ltr'>Syphax</span> <span class='ocrx_word' id='word_1_133' title='bbox 752 2152 911 2209; x_wconf 77' lang='lat' dir='ltr'>amicitiam</span> <span class='ocrx_word' id='word_1_134' title='bbox 935 2154 1044 2210; x_wconf 77' lang='lat' dir='ltr'>Romi·</span> 
     </span>
     <span class='ocr_line' id='line_1_19' title="bbox 90 2254 1043 2330; baseline 0.003 -17"><span class='ocrx_word' id='word_1_135' title='bbox 90 2261 198 2314; x_wconf 77' lang='lat' dir='ltr'>norum</span> <span class='ocrx_word' id='word_1_136' title='bbox 213 2259 245 2313; x_wconf 74' lang='lat' dir='ltr'>se</span> <span class='ocrx_word' id='word_1_137' title='bbox 258 2255 394 2330; x_wconf 87' lang='lat' dir='ltr'>accipere</span> <span class='ocrx_word' id='word_1_138' title='bbox 409 2254 520 2327; x_wconf 88' lang='lat' dir='ltr'>adnuit,</span> <span class='ocrx_word' id='word_1_139' title='bbox 536 2256 590 2315; x_wconf 88' lang='lat' dir='ltr'>sed</span> <span class='ocrx_word' id='word_1_140' title='bbox 611 2256 702 2314; x_wconf 88' lang='lat' dir='ltr'>fidem</span> <span class='ocrx_word' id='word_1_141' title='bbox 721 2275 778 2314; x_wconf 90' lang='lat' dir='ltr'>nec</span> <span class='ocrx_word' id='word_1_142' title='bbox 800 2256 871 2315; x_wconf 88' lang='lat' dir='ltr'>dare</span> <span class='ocrx_word' id='word_1_143' title='bbox 891 2276 947 2315; x_wconf 91' lang='lat' dir='ltr'>nec</span> <span class='ocrx_word' id='word_1_144' title='bbox 966 2258 1043 2316; x_wconf 90' lang='lat' dir='ltr'>acci·</span> 
     </span>
     <span class='ocr_line' id='line_1_20' title="bbox 91 2359 1044 2439; baseline 0.004 -21"><span class='ocrx_word' id='word_1_145' title='bbox 91 2379 175 2437; x_wconf 86' lang='lat' dir='ltr'>pere,</span> <span class='ocrx_word' id='word_1_146' title='bbox 190 2359 247 2419; x_wconf 88' lang='lat' dir='ltr'>nisi</span> <span class='ocrx_word' id='word_1_147' title='bbox 261 2378 329 2418; x_wconf 90' lang='lat' dir='ltr'>cum</span> <span class='ocrx_word' id='word_1_148' title='bbox 344 2361 409 2437; x_wconf 76' lang='lat' dir='ltr'>ipsi)</span> <span class='ocrx_word' id='word_1_149' title='bbox 423 2367 524 2419; x_wconf 77' lang='lat' dir='ltr'>coram</span> <span class='ocrx_word' id='word_1_150' title='bbox 545 2360 621 2419; x_wconf 91' lang='lat' dir='ltr'>duce</span> <span class='ocrx_word' id='word_1_151' title='bbox 644 2364 790 2435; x_wconf 75' lang='lat' dir='ltr'>Romano,</span> <span class='ocrx_word' id='word_1_152' title='bbox 805 2363 905 2421; x_wconf 89' lang='lat' dir='ltr'>voluit.</span> <span class='ocrx_word' id='word_1_153' title='bbox 946 2365 1044 2439; x_wconf 79' lang='lat' dir='ltr'>Scipio</span> 
     </span>
     <span class='ocr_line' id='line_1_21' title="bbox 91 2452 1092 2544; baseline 0.002 -21"><span class='ocrx_word' id='word_1_154' title='bbox 91 2466 179 2543; x_wconf 83' lang='lat' dir='ltr'>igitur</span> <span class='ocrx_word' id='word_1_155' title='bbox 200 2464 231 2523; x_wconf 91' lang='lat' dir='ltr'>in</span> <span class='ocrx_word' id='word_1_156' title='bbox 251 2452 380 2524; x_wconf 61' lang='lat' dir='ltr'>diricam</span> <span class='ocrx_word' id='word_1_157' title='bbox 401 2467 522 2525; x_wconf 73' lang='lat' dir='ltr'>traiecit.</span> <span class='ocrx_word' id='word_1_158' title='bbox 566 2468 654 2525; x_wconf 88' lang='lat' dir='ltr'>Forte</span> <span class='ocrx_word' id='word_1_159' title='bbox 677 2468 717 2525; x_wconf 90' lang='lat' dir='ltr'>ita</span> <span class='ocrx_word' id='word_1_160' title='bbox 739 2468 852 2540; x_wconf 79' lang='lat' dir='ltr'>incidit,</span> <span class='ocrx_word' id='word_1_161' title='bbox 867 2479 900 2526; x_wconf 93' lang='lat' dir='ltr'>ut</span> <span class='ocrx_word' id='word_1_162' title='bbox 922 2475 958 2528; x_wconf 78' lang='lat' dir='ltr'>eo</span> <span class='ocrx_word' id='word_1_163' title='bbox 979 2470 1044 2544; x_wconf 78' lang='lat' dir='ltr'>ipso</span> <span class='ocrx_word' id='word_1_164' title='bbox 1065 2495 1092 2526; x_wconf 65' lang='grc' dir='ltr'>κο</span> 
     </span>
     <span class='ocr_line' id='line_1_22' title="bbox 90 2571 1044 2649; baseline 0.003 -19"><span class='ocrx_word' id='word_1_165' title='bbox 90 2581 229 2646; x_wconf 90' lang='lat' dir='ltr'>tempore</span> <span class='ocrx_word' id='word_1_166' title='bbox 244 2571 414 2631; x_wconf 84' lang='lat' dir='ltr'>Hasdrubal</span> <span class='ocrx_word' id='word_1_167' title='bbox 428 2572 528 2647; x_wconf 89' lang='lat' dir='ltr'>pulsus</span> <span class='ocrx_word' id='word_1_168' title='bbox 550 2573 696 2647; x_wconf 78' lang='lat' dir='ltr'>Hispiniai</span> <span class='ocrx_word' id='word_1_169' title='bbox 717 2573 755 2631; x_wconf 93' lang='lat' dir='ltr'>ad</span> <span class='ocrx_word' id='word_1_170' title='bbox 777 2575 904 2632; x_wconf 90' lang='lat' dir='ltr'>eundem</span> <span class='ocrx_word' id='word_1_171' title='bbox 926 2585 1044 2649; x_wconf 91' lang='lat' dir='ltr'>portum</span> 
     </span>
     <span class='ocr_line' id='line_1_23' title="bbox 91 2677 1043 2753; baseline 0.003 -17"><span class='ocrx_word' id='word_1_172' title='bbox 91 2678 264 2752; x_wconf 88' lang='lat' dir='ltr'>appelleret,</span> <span class='ocrx_word' id='word_1_173' title='bbox 286 2677 428 2752; x_wconf 75' lang='lat' dir='ltr'>Syphicis</span> <span class='ocrx_word' id='word_1_174' title='bbox 450 2678 609 2735; x_wconf 85' lang='lat' dir='ltr'>amicitiam</span> <span class='ocrx_word' id='word_1_175' title='bbox 632 2679 742 2753; x_wconf 88' lang='lat' dir='ltr'>pariter</span> <span class='ocrx_word' id='word_1_176' title='bbox 764 2685 915 2753; x_wconf 85' lang='lat' dir='ltr'>petitiuus.</span> <span class='ocrx_word' id='word_1_177' title='bbox 956 2682 1043 2740; x_wconf 92' lang='lat' dir='ltr'>Uter·</span> 
     </span>
     <span class='ocr_line' id='line_1_24' title="bbox 91 2782 1044 2862; baseline 0.004 -22"><span class='ocrx_word' id='word_1_178' title='bbox 91 2801 151 2858; x_wconf 90' lang='lat' dir='ltr'>que</span> <span class='ocrx_word' id='word_1_179' title='bbox 165 2788 184 2840; x_wconf 74' lang='lat' dir='ltr'>a</span> <span class='ocrx_word' id='word_1_180' title='bbox 196 2787 265 2858; x_wconf 73' lang='lat' dir='ltr'>rege</span> <span class='ocrx_word' id='word_1_181' title='bbox 279 2782 311 2841; x_wconf 91' lang='lat' dir='ltr'>in</span> <span class='ocrx_word' id='word_1_182' title='bbox 329 2783 488 2858; x_wconf 91' lang='lat' dir='ltr'>hospitium</span> <span class='ocrx_word' id='word_1_183' title='bbox 504 2783 648 2842; x_wconf 72' lang='lat' dir='ltr'>invitatus.</span> <span class='ocrx_word' id='word_1_184' title='bbox 691 2785 835 2843; x_wconf 73' lang='lat' dir='ltr'>canatum</span> <span class='ocrx_word' id='word_1_185' title='bbox 857 2786 943 2843; x_wconf 91' lang='lat' dir='ltr'>simul</span> <span class='ocrx_word' id='word_1_186' title='bbox 962 2785 1044 2862; x_wconf 85' lang='lat' dir='ltr'>apud</span> 
     </span>
     <span class='ocr_line' id='line_1_25' title="bbox 91 2889 1044 2965; baseline 0.002 -19"><span class='ocrx_word' id='word_1_187' title='bbox 91 2893 195 2963; x_wconf 68' lang='lat' dir='ltr'>rigem</span> <span class='ocrx_word' id='word_1_188' title='bbox 220 2898 273 2961; x_wconf 89' lang='lat' dir='ltr'>est,</span> <span class='ocrx_word' id='word_1_189' title='bbox 296 2889 406 2947; x_wconf 74' lang='lat' dir='ltr'>eodem</span> <span class='ocrx_word' id='word_1_190' title='bbox 429 2889 518 2947; x_wconf 88' lang='lat' dir='ltr'>etiam</span> <span class='ocrx_word' id='word_1_191' title='bbox 541 2889 619 2948; x_wconf 79' lang='lat' dir='ltr'>lecti)</span> <span class='ocrx_word' id='word_1_192' title='bbox 642 2890 740 2965; x_wconf 79' lang='lat' dir='ltr'>Scipio</span> <span class='ocrx_word' id='word_1_193' title='bbox 763 2901 851 2965; x_wconf 90' lang='lat' dir='ltr'>atque</span> <span class='ocrx_word' id='word_1_194' title='bbox 875 2892 1044 2952; x_wconf 86' lang='lat' dir='ltr'>Hasdrubal</span> 
     </span>
     <span class='ocr_line' id='line_1_26' title="bbox 90 2993 1090 3075; baseline 0.008 -23"><span class='ocrx_word' id='word_1_195' title='bbox 90 2993 304 3052; x_wconf 74' lang='lat' dir='ltr'>accubuerunt.</span> <span class='ocrx_word' id='word_1_196' title='bbox 344 2994 441 3052; x_wconf 86' lang='lat' dir='ltr'>Tanta</span> <span class='ocrx_word' id='word_1_197' title='bbox 461 3005 561 3052; x_wconf 91' lang='lat' dir='ltr'>autem</span> <span class='ocrx_word' id='word_1_198' title='bbox 583 2995 677 3053; x_wconf 91' lang='lat' dir='ltr'>inerat</span> <span class='ocrx_word' id='word_1_199' title='bbox 699 2996 822 3054; x_wconf 77' lang='lat' dir='ltr'>comitas</span> <span class='ocrx_word' id='word_1_200' title='bbox 845 2998 874 3054; x_wconf 92' lang='lat' dir='ltr'>in</span> <span class='ocrx_word' id='word_1_201' title='bbox 897 2999 1042 3073; x_wconf 78' lang='lat' dir='ltr'>Scipione,</span> <span class='ocrx_word' id='word_1_202' title='bbox 1064 3026 1090 3075; x_wconf 80' lang='lat'>25</span> 
     </span>
     <span class='ocr_line' id='line_1_27' title="bbox 90 3099 1044 3173; baseline 0.004 -17"><span class='ocrx_word' id='word_1_203' title='bbox 90 3108 124 3157; x_wconf 92' lang='lat' dir='ltr'>ut</span> <span class='ocrx_word' id='word_1_204' title='bbox 138 3104 200 3156; x_wconf 77' lang='lat' dir='ltr'>nim</span> <span class='ocrx_word' id='word_1_205' title='bbox 214 3100 379 3173; x_wconf 83' lang='lat' dir='ltr'>Syphaicem</span> <span class='ocrx_word' id='word_1_206' title='bbox 394 3099 495 3171; x_wconf 93' lang='lat' dir='ltr'>modo,</span> <span class='ocrx_word' id='word_1_207' title='bbox 511 3100 669 3158; x_wconf 91' lang='lat' dir='ltr'>sedetiam</span> <span class='ocrx_word' id='word_1_208' title='bbox 688 3101 804 3160; x_wconf 87' lang='lat' dir='ltr'>hostem</span> <span class='ocrx_word' id='word_1_209' title='bbox 824 3103 1044 3162; x_wconf 65' lang='lat' dir='ltr'>iniistissimum</span> 
     </span>
     <span class='ocr_line' id='line_1_28' title="bbox 92 3204 1042 3283; baseline 0.004 -21"><span class='ocrx_word' id='word_1_210' title='bbox 92 3204 313 3263; x_wconf 86' lang='lat' dir='ltr'>Hasdrubalem</span> <span class='ocrx_word' id='word_1_211' title='bbox 333 3205 390 3265; x_wconf 92' lang='lat' dir='ltr'>sibi</span> <span class='ocrx_word' id='word_1_212' title='bbox 410 3206 589 3264; x_wconf 73' lang='lat' dir='ltr'>conciliaret.</span> <span class='ocrx_word' id='word_1_213' title='bbox 631 3207 729 3283; x_wconf 76' lang='lat' dir='ltr'>Scipio</span> <span class='ocrx_word' id='word_1_214' title='bbox 751 3208 872 3266; x_wconf 87' lang='lat' dir='ltr'>foedere</span> <span class='ocrx_word' id='word_1_215' title='bbox 893 3209 954 3266; x_wconf 80' lang='lat' dir='ltr'>icto</span> <span class='ocrx_word' id='word_1_216' title='bbox 975 3228 1042 3266; x_wconf 92' lang='lat' dir='ltr'>cum</span> 
     </span>
     <span class='ocr_line' id='line_1_29' title="bbox 91 3309 803 3386; baseline 0.003 -17"><span class='ocrx_word' id='word_1_217' title='bbox 91 3310 226 3385; x_wconf 70' lang='lat' dir='ltr'>Syphace</span> <span class='ocrx_word' id='word_1_218' title='bbox 241 3309 272 3367; x_wconf 92' lang='lat' dir='ltr'>in</span> <span class='ocrx_word' id='word_1_219' title='bbox 286 3310 463 3386; x_wconf 77' lang='lat' dir='ltr'>Hispaniam</span> <span class='ocrx_word' id='word_1_220' title='bbox 477 3311 516 3369; x_wconf 93' lang='lat' dir='ltr'>ad</span> <span class='ocrx_word' id='word_1_221' title='bbox 532 3311 693 3369; x_wconf 86' lang='lat' dir='ltr'>exercitum</span> <span class='ocrx_word' id='word_1_222' title='bbox 707 3313 803 3372; x_wconf 88' lang='lat' dir='ltr'>rediit.</span> 
     </span>
    </p>

    <p class='ocr_par' dir='ltr' id='par_1_5' title="bbox 133 3414 1043 3494">
     <span class='ocr_line' id='line_1_30' title="bbox 133 3414 1043 3494; baseline 0.003 -21"><span class='ocrx_word' id='word_1_223' title='bbox 133 3414 290 3474; x_wconf 85' lang='lat' dir='ltr'>Masinissa</span> <span class='ocrx_word' id='word_1_224' title='bbox 299 3434 419 3491; x_wconf 88' lang='lat' dir='ltr'>quoque</span> <span class='ocrx_word' id='word_1_225' title='bbox 431 3418 589 3475; x_wconf 90' lang='lat' dir='ltr'>amicitiam</span> <span class='ocrx_word' id='word_1_226' title='bbox 605 3435 673 3475; x_wconf 89' lang='lat' dir='ltr'>cum</span> <span class='ocrx_word' id='word_1_227' title='bbox 688 3419 823 3494; x_wconf 80' lang='lat' dir='ltr'>Scipione</span> <span class='ocrx_word' id='word_1_228' title='bbox 839 3418 958 3493; x_wconf 86' lang='lat' dir='ltr'>iungere</span> <span class='ocrx_word' id='word_1_229' title='bbox 972 3421 1043 3476; x_wconf 89' lang='lat' dir='ltr'>iam-</span> 
     </span>
    </p>
   </div>
   <div class='ocr_carea' id='block_1_5' title="bbox 0 0 1195 3788">
    <p class='ocr_par' dir='ltr' id='par_1_6' title="bbox 0 0 1195 3788">
     <span class='ocr_line' id='line_1_31' title="bbox 0 0 1195 3788; baseline 0 0"><span class='ocrx_word' id='word_1_230' title='bbox 0 0 1195 3788; x_wconf 95' lang='lat' dir='ltr'> </span> 
     </span>
    </p>
   </div>
  </div>
 </body>
</html>
