2378 3788
344 203 479 265 Marcus
507 202 636 265 Tullius
661 201 768 265 Cicero
992 215 1032 281 77

74 426 250 484 cunsulatirs
279 424 342 495 luit,
364 429 419 481 etsi
446 423 618 497 asperrimas
647 422 734 480 luisse
763 422 825 480 eius
853 423 883 480 in
911 427 942 481 se
971 427 1033 480 bra-

76 534 179 591 tibnes
201 518 361 607 sciEbatj'

123 637 226 694 Fuisse
257 633 380 692 traditur
408 634 524 693 excelsa
550 638 668 705 statura,
696 638 748 691 bre
776 634 864 708 pauli>
892 633 1034 708 plenibre,

77 744 171 818 nigris
206 747 375 816 vegetisque
410 739 510 811 oculis,
539 739 636 814 capite
665 738 749 796 calva
759 760 769 811 ;
803 757 893 814 quam
928 740 1035 797 calvitii

78 847 313 916 defdrmitatem
336 845 417 920 quod
441 862 530 919 saepe
555 845 785 903 obtrectatbrum
809 845 882 902 iocis
907 845 1035 903 obnoxia
1058 866 1069 913 5

79 964 157 1025 erat,
179 957 266 1027 aegre
291 952 411 1010 ferebat.
456 951 530 1009 Idci)
556 969 593 1008 ex
617 951 754 1009 omnibus
782 949 907 1008 decretis
935 951 990 1008 sibi
1018 957 1036 1008 a

79 1064 188 1118 senatu
211 1058 379 1134 populbque
402 1056 562 1115 honbribus
584 1061 645 1117 nun
668 1056 757 1112 alium
779 1065 829 1113 aut
850 1056 964 1130 recepit
985 1067 1035 1114 aut

79 1165 233 1239 usurpavit
260 1163 398 1222 libentius
423 1179 511 1236 quam
538 1163 581 1220 iirs
606 1162 724 1219 laureae
749 1167 894 1236 perpetui)
919 1171 1033 1236 gestan-

80 1271 152 1329 dae.
194 1271 261 1327 Vini
282 1268 486 1344 parcissimum
513 1285 582 1325 eum
606 1267 694 1325 luisse
718 1271 757 1324 ue
781 1267 891 1324 inimici
913 1267 1034 1341 quidem

81 1380 272 1451 negaverunt.
313 1375 445 1432 Verbum
473 1374 595 1433 Catanis
626 1383 679 1445 est,
707 1377 798 1430 imum
831 1391 868 1430 ex
898 1373 1035 1431 omnibus
1058 1396 1083 1426 ιο

81 1483 245 1541 Caesarem
266 1479 305 1537 ad
328 1479 518 1538 evertendam
541 1497 604 1536 rem
624 1479 773 1553 publicam
791 1479 921 1537 sabrium
935 1496 1034 1536 acces-

81 1589 164 1646 sisse.
208 1589 364 1644 Armbrum
386 1595 416 1642 et
438 1584 589 1659 equitandi
610 1584 811 1660 peritissimus,
833 1585 941 1643 labbris
962 1585 1036 1642 ultra

81 1692 177 1752 fidem
204 1693 338 1767 patiens;
367 1691 397 1748 in
421 1691 536 1766 agmine
561 1696 785 1766 nannumquam
810 1697 898 1766 equi),
920 1692 1036 1766 saepius

82 1798 214 1874 pedibus
240 1797 379 1868 anteibat,
406 1797 504 1872 capite
533 1795 663 1868 detecti),
692 1815 744 1855 seu
780 1797 832 1869 sbl,
858 1815 911 1856 seu
943 1797 1037 1855 imber

82 1914 157 1962 erat.
201 1903 396 1978 Longissimas
411 1903 471 1960 vias
493 1902 658 1960 incredibili
678 1903 827 1962 celeritate
849 1904 1035 1974 cbnficiebat,
1059 1921 1083 1964 15

83 2020 116 2068 ut
145 2026 289 2084 persaepe
317 2009 434 2067 nuntius
466 2007 505 2066 de
537 2012 568 2066 se
603 2015 788 2083 praeveniret
798 2030 807 2081 ;
842 2026 939 2083 neque
967 2027 1034 2066 eum

81 2115 275 2174 morabantur
297 2113 426 2184 flumina,
441 2131 518 2188 quae
540 2114 586 2171 vel
608 2113 709 2173 nand&
730 2114 776 2172 vel
797 2115 911 2172 innixus
931 2114 1036 2172 inflatis

80 2220 197 2281 utribus
219 2219 380 2277 traiciebat.

251 2460 382 2516 xxlv.
414 2461 561 2514 Marcus
583 2460 721 2514 Tullius
741 2461 871 2516 Ulcera.

484 2611 579 2670 106-43
597 2620 645 2656 uc.

124 2757 245 2814 Marcus
266 2755 379 2812 Tullius
403 2755 519 2826 Cicert'),
542 2761 670 2829 equestri
691 2774 808 2831 genere,
824 2757 933 2830 Arpini,
955 2755 1036 2830 quod

81 2873 127 2920 est
144 2861 321 2918 Volscbrum
343 2861 498 2935 oppidum,
520 2867 604 2918 natus
627 2871 679 2918 est.
724 2863 769 2918 Ex
792 2861 854 2919 eius
881 2869 940 2919 avis
963 2867 1037 2919 unus
1059 2893 1086 2922 20
1158 2874 1161 2879 '

897 3012 1034 3019 ——-.

83 3104 105 3146 4.
119 3091 217 3146 vegetis,
238 3090 362 3143 animated,
383 3089 478 3147 bragam·
603 3092 623 3135 8.
638 3091 767 3146 usurpavit,
778 3091 844 3134 make
855 3105 894 3134 use
904 3093 934 3149 os?

166 3164 243 3217 ealvb,
253 3164 316 3209 bald.
589 3177 623 3209 12.
640 3164 706 3218 ultra,
717 3165 808 3221 beyond.

83 3250 106 3296 5.
120 3239 315 3292 obtrectatdrum,
340 3239 473 3292 detractor-s,
500 3252 537 3282 en·
590 3240 623 3282 18.
639 3238 738 3292 utribus,
749 3239 804 3297 bags
814 3239 881 3283 made
891 3241 921 3296 os
923 3240 993 3284 skins.

166 3316 252 3362 emas:
275 3313 386 3365 obnoxia,
403 3313 480 3367 stalle,
498 3327 534 3356 ex·

160 3386 242 3444 pared.
