2378 3788
141 236 184 301 92
355 219 453 284 Urbis
475 220 601 283 Romae
633 219 705 283 Viri
732 218 885 281 Illustres

143 441 286 514 tallinum,
311 448 374 517 rapi
401 459 469 499 eum
497 440 536 499 ad
564 449 691 500 mortem
721 440 814 499 Pallia
842 439 924 499 iussit
953 451 985 499 et
1014 440 1093 499 obici

142 553 296 620 mirraenis,
328 553 401 622 quas
431 548 534 623 ingens
566 548 678 622 piscina
708 547 889 605 continabat.
945 531 1050 605 Evasit
1080 551 1096 604 a

142 653 275 712 manibus
297 671 370 729 puer
387 663 417 711 et
437 653 474 711 ad
497 652 590 729 pedes
611 653 744 712 Caesaris
766 652 902 727 configit
920 652 995 710 nihil
1018 653 1096 711 aliud

141 765 292 835 petitarus,
310 777 399 834 quam
418 769 451 817 ut
470 759 552 816 aliter
571 765 678 834 periret
695 776 751 816 nec
769 763 838 816 asca
855 757 982 833 piscium
1003 758 1095 816 fieret.

107 880 118 930 5
141 867 242 924 Matus
263 875 308 923 est
327 869 405 923 novi>
424 863 604 923 crudelitatis
627 881 735 940 genere
755 864 865 922 Caesar
884 872 914 921 et
933 863 1017 921 illum
1037 865 1097 938 qui·

140 972 210 1030 dem
241 972 324 1043 mitti,
354 970 520 1046 crystallina
547 979 648 1028 autem
678 969 780 1028 omnia
812 974 914 1027 coram
942 973 975 1027 sa
1003 969 1097 1045 frangi

140 1078 222 1136 iussit
244 1078 444 1153 compl'e‘rique
466 1077 619 1153 piscinam.

179 1185 327 1259 Augustus
351 1184 382 1242 in
407 1183 536 1258 quadam
558 1183 624 1240 villa
644 1187 799 1258 aegrotans
820 1184 924 1239 noctas
949 1181 1096 1256 inquiatas

140 1289 255 1364 agebat,
280 1299 437 1364 rumpente
461 1306 598 1348 somnum
624 1289 687 1346 aius
712 1289 817 1346 crabro
841 1296 969 1346 noctuae
994 1292 1096 1346 cantii.

93 1411 120 1442 10
141 1397 208 1470 Qua
235 1396 370 1454 molestia
393 1414 461 1453 cum
489 1394 604 1454 liberari
628 1399 660 1452 sa
686 1394 879 1452 vehementer
900 1410 1010 1468 cupere
1040 1400 1095 1469 sig-

140 1501 296 1573 nificasset‚
320 1502 403 1560 miles
427 1500 559 1576 quidam,
582 1499 700 1575 aucupii
722 1504 843 1574 peritus,
864 1490 1007 1557 noctuam
1029 1517 1096 1574 pre·

140 1605 330 1665 hendendam
369 1607 489 1679 caravit,
528 1612 685 1680 vivamque
723 1607 856 1680 Augusto
897 1605 1002 1676 attulit,
1043 1610 1096 1680 spe

140 1713 265 1788 ingentis
293 1713 425 1789 praemii.
480 1713 537 1772 Cui
569 1705 645 1769 cum¹
669 1713 816 1786 Augustus
847 1711 925 1768 mssle
957 1716 1096 1770 nummas

140 1818 204 1876 dari
228 1818 366 1892 iussisset,
392 1818 440 1877 ille
466 1819 562 1876 minus
588 1817 711 1892 dignum
736 1817 901 1891 praemium
925 1816 1096 1875 existimans

93 1947 117 1994 ¹5
140 1925 239 1982 dicere
273 1942 358 1983 ausus
387 1933 441 1996 est,
475 1924 583 1982 “Mala
611 1932 643 1981 ut
670 1923 776 1994 vivat,”
803 1932 833 1980 et
861 1940 946 1980 avem
974 1922 1095 1981 dimisit.

140 2031 316 2104 Imperatari
342 2048 399 2088 nec
427 2029 466 2087 ad
498 2028 686 2087 irascendum
718 2043 807 2086 causa
837 2027 940 2086 deerat
970 2044 1028 2085 nec
1057 2028 1096 2086 ad

139 2135 341 2194 ulciscendum
376 2141 506 2210 potestas
517 2156 525 2207 ;
568 2135 645 2192 hanc
684 2144 784 2192 tamen
822 2133 959 2191 iniiiriam
997 2139 1096 2209 aequa

140 2242 240 2300 animo
275 2242 340 2299 tulit
373 2243 521 2317 Augustus
556 2239 767 2314 hominemque
802 2239 979 2314 impunitum
1013 2240 1097 2299 abire

140 2366 242 2423 passus
264 2357 317 2406 est.

90 2473 118 2504 20
181 2456 327 2528 Augustus
354 2453 497 2511 amicitias
524 2470 623 2526 neque
648 2451 733 2508 sacile
758 2449 876 2508 admisit
901 2460 932 2508 et
955 2455 1095 2510 canstan-

140 2560 251 2617 tissima
273 2559 400 2617 retinuit.
444 2560 592 2634 Imprimis
614 2557 788 2615 familiarem
810 2556 912 2614 habuit
933 2558 1094 2615 Maecena·

140 2675 209 2736 tem,
232 2666 363 2739 equitem
385 2667 569 2735 Ramanum3
605 2668 720 2737 quiea,
743 2667 801 2736 qua
821 2660 902 2737 apud
927 2662 1095 2737 principem

139 2771 264 2842 valebat,
286 2771 378 2846 gratia
397 2771 439 2828 ita
460 2786 578 2843 semper
599 2773 667 2826 isus
688 2777 741 2838 est,
763 2777 796 2825 ut
819 2766 975 2842 pradesset
999 2769 1095 2827 omni-

140 2877 203 2948 buS,
224 2876 331 2951 quibus
353 2885 462 2952 posset,
484 2880 606 2933 uocaret
628 2874 747 2932 namini
797 2873 846 2930 Iris
868 2872 1028 2947 aliquando
1050 2875 1094 2932 di-

91 3006 116 3054 ²5
139 2983 227 3041 cibat
247 2985 396 3057 Augustus
418 2992 448 3041 et
469 2982 576 3039 multas
597 2980 696 3055 capite
717 2977 908 3036 damnaturus
927 2978 1094 3038 videbatur.

139 3090 251 3147 Aderat
271 3099 334 3148 tum
357 3091 525 3160 Maecenas,
547 3093 598 3161 qui
623 3103 677 3160 per
697 3085 950 3143 circumstantium
975 3088 1095 3144 turbam

139 3267 160 3299 2.
176 3255 303 3307 muraenis,
315 3267 329 3296 a
339 3253 399 3297 kind
408 3252 539 3311 ossea-fisi.
641 3260 675 3294 11.
690 3248 795 3304 aucupii,
806 3248 867 3292 from
878 3248 929 3292 avis
940 3250 988 3293 and
999 3251 1079 3306 capio.

139 3338 161 3380 4.
176 3325 238 3377 asca,
249 3325 314 3381 sord.
641 3335 674 3380 13.
685 3322 749 3366 mille
760 3323 880 3378 nummis,
895 3337 909 3367 a
923 3325 1041 3368 thousand
1050 3339 1095 3370 ses-

139 3412 160 3455 9.
176 3403 285 3453 noctuae,
296 3398 348 3445 owl.
720 3401 795 3448 terres,
805 3396 893 3454 (about
903 3395 970 3455 341).
