<?xml version="1.0" encoding="UTF-8"?>
<!DOCTYPE html PUBLIC "-//W3C//DTD XHTML 1.0 Transitional//EN"
    "http://www.w3.org/TR/xhtml1/DTD/xhtml1-transitional.dtd">
<html xmlns="http://www.w3.org/1999/xhtml" xml:lang="en" lang="en">
 <head>
  <title>
</title>
<meta http-equiv="Content-Type" content="text/html;charset=utf-8" />
  <meta name='ocr-system' content='tesseract 3.04.00' />
  <meta name='ocr-capabilities' content='ocr_page ocr_carea ocr_par ocr_line ocrx_word'/>
</head>
<body>
  <div class='ocr_page' id='page_1' title='image "./selectionsfromv01lhogoog_0110.png"; bbox 0 0 2378 3788; ppageno 0'>
   <div class='ocr_carea' id='block_1_1' title="bbox 380 201 1044 281">
    <p class='ocr_par' dir='ltr' id='par_1_1' title="bbox 380 201 1044 281">
     <span class='ocr_line' id='line_1_1' title="bbox 380 201 1044 281; baseline 0 -17"><span class='ocrx_word' id='word_1_1' title='bbox 380 201 488 264; x_wconf 84' lang='lat' dir='ltr'><strong>Gaius</strong></span> <span class='ocrx_word' id='word_1_2' title='bbox 510 203 621 264; x_wconf 84' lang='lat' dir='ltr'><strong>Iulius</strong></span> <span class='ocrx_word' id='word_1_3' title='bbox 647 202 767 265; x_wconf 83' lang='lat' dir='ltr'><strong>Caesar</strong></span> <span class='ocrx_word' id='word_1_4' title='bbox 1004 215 1044 281; x_wconf 88' lang='lat'><strong>73</strong></span> 
     </span>
    </p>
   </div>
   <div class='ocr_carea' id='block_1_2' title="bbox 63 422 1093 3142">
    <p class='ocr_par' dir='ltr' id='par_1_2' title="bbox 63 422 1092 1021">
     <span class='ocr_line' id='line_1_2' title="bbox 63 422 1044 497; baseline 0 -16"><span class='ocrx_word' id='word_1_5' title='bbox 63 486 66 490; x_wconf 63' lang='grc'><strong>,</strong></span> <span class='ocrx_word' id='word_1_6' title='bbox 89 424 140 494; x_wconf 93' lang='lat' dir='ltr'><strong>sit,</strong></span> <span class='ocrx_word' id='word_1_7' title='bbox 155 422 305 481; x_wconf 89' lang='lat' dir='ltr'><strong>abscessit.</strong></span> <span class='ocrx_word' id='word_1_8' title='bbox 348 423 414 480; x_wconf 91' lang='lat' dir='ltr'><strong>Nec</strong></span> <span class='ocrx_word' id='word_1_9' title='bbox 435 429 510 480; x_wconf 78' lang='lat' dir='ltr'><strong>vena</strong></span> <span class='ocrx_word' id='word_1_10' title='bbox 531 422 569 481; x_wconf 90' lang='lat' dir='ltr'><strong>de</strong></span> <span class='ocrx_word' id='word_1_11' title='bbox 591 428 622 481; x_wconf 88' lang='lat' dir='ltr'><strong>se</strong></span> <span class='ocrx_word' id='word_1_12' title='bbox 644 423 825 497; x_wconf 79' lang='lat' dir='ltr'><strong>praedicetiu</strong></span> <span class='ocrx_word' id='word_1_13' title='bbox 843 434 887 481; x_wconf 91' lang='lat' dir='ltr'><strong>est</strong></span> <span class='ocrx_word' id='word_1_14' title='bbox 902 422 1044 495; x_wconf 86' lang='lat' dir='ltr'><strong>Caesaris,</strong></span> 
     </span>
     <span class='ocr_line' id='line_1_3' title="bbox 90 528 1046 603; baseline 0.001 -18"><span class='ocrx_word' id='word_1_15' title='bbox 90 538 162 586; x_wconf 92' lang='lat' dir='ltr'><strong>ante</strong></span> <span class='ocrx_word' id='word_1_16' title='bbox 183 531 293 585; x_wconf 91' lang='lat' dir='ltr'><strong>victum</strong></span> <span class='ocrx_word' id='word_1_17' title='bbox 313 528 429 587; x_wconf 84' lang='lat' dir='ltr'><strong>hostem</strong></span> <span class='ocrx_word' id='word_1_18' title='bbox 455 546 519 587; x_wconf 91' lang='lat' dir='ltr'><strong>esse</strong></span> <span class='ocrx_word' id='word_1_19' title='bbox 541 546 630 602; x_wconf 92' lang='lat' dir='ltr'><strong>quam</strong></span> <span class='ocrx_word' id='word_1_20' title='bbox 652 535 754 586; x_wconf 87' lang='lat' dir='ltr'><strong>visum.</strong></span> <span class='ocrx_word' id='word_1_21' title='bbox 797 529 921 587; x_wconf 80' lang='lat' dir='ltr'><strong>Pontico</strong></span> <span class='ocrx_word' id='word_1_22' title='bbox 942 534 1046 603; x_wconf 79' lang='lat' dir='ltr'><strong>postee</strong></span> 
     </span>
     <span class='ocr_line' id='line_1_4' title="bbox 89 634 1044 709; baseline -0.001 -17"><span class='ocrx_word' id='word_1_23' title='bbox 89 634 244 709; x_wconf 84' lang='lat' dir='ltr'><strong>triumphu</strong></span> <span class='ocrx_word' id='word_1_24' title='bbox 278 634 365 692; x_wconf 87' lang='lat' dir='ltr'><strong>trium</strong></span> <span class='ocrx_word' id='word_1_25' title='bbox 398 634 553 693; x_wconf 79' lang='lat' dir='ltr'><strong>verberum</strong></span> <span class='ocrx_word' id='word_1_26' title='bbox 589 634 727 709; x_wconf 90' lang='lat' dir='ltr'><strong>praetulit</strong></span> <span class='ocrx_word' id='word_1_27' title='bbox 762 634 896 693; x_wconf 92' lang='lat' dir='ltr'><strong>titulum:</strong></span> <span class='ocrx_word' id='word_1_28' title='bbox 932 638 951 666; x_wconf 87' lang='lat'>“</span> <span class='ocrx_word' id='word_1_29' title='bbox 960 636 1044 706; x_wconf 87' lang='lat' dir='ltr'><strong>Veni,</strong></span> 
     </span>
     <span class='ocr_line' id='line_1_5' title="bbox 89 739 1045 814; baseline -0.001 -16"><span class='ocrx_word' id='word_1_30' title='bbox 89 740 162 812; x_wconf 87' lang='lat' dir='ltr'><strong>vidi,</strong></span> <span class='ocrx_word' id='word_1_31' title='bbox 190 741 275 797; x_wconf 85' lang='lat' dir='ltr'><strong>vici.&#39;&#39;</strong></span> <span class='ocrx_word' id='word_1_32' title='bbox 328 739 446 798; x_wconf 90' lang='lat' dir='ltr'>Deinde</span> <span class='ocrx_word' id='word_1_33' title='bbox 481 740 649 814; x_wconf 81' lang='lat' dir='ltr'><strong>Scipiunem</strong></span> <span class='ocrx_word' id='word_1_34' title='bbox 682 750 712 797; x_wconf 92' lang='lat' dir='ltr'><strong>et</strong></span> <span class='ocrx_word' id='word_1_35' title='bbox 745 740 860 812; x_wconf 91' lang='lat' dir='ltr'><strong>Iubam,</strong></span> <span class='ocrx_word' id='word_1_36' title='bbox 886 739 1045 797; x_wconf 89' lang='lat' dir='ltr'><strong>Numidiae</strong></span> 
     </span>
     <span class='ocr_line' id='line_1_6' title="bbox 90 833 1092 920; baseline -0.001 -16"><span class='ocrx_word' id='word_1_37' title='bbox 90 851 204 920; x_wconf 89' lang='lat' dir='ltr'><strong>regem,</strong></span> <span class='ocrx_word' id='word_1_38' title='bbox 220 845 354 919; x_wconf 67' lang='lat' dir='ltr'><strong>reliquiis</strong></span> <span class='ocrx_word' id='word_1_39' title='bbox 379 846 623 920; x_wconf 75' lang='lat' dir='ltr'><strong>Pompeienerum</strong></span> <span class='ocrx_word' id='word_1_40' title='bbox 647 846 776 920; x_wconf 88' lang='lat' dir='ltr'><strong>partium</strong></span> <span class='ocrx_word' id='word_1_41' title='bbox 797 846 828 903; x_wconf 92' lang='lat' dir='ltr'><strong>in</strong></span> <span class='ocrx_word' id='word_1_42' title='bbox 848 833 948 904; x_wconf 65' lang='lat' dir='ltr'><strong>dfrice</strong></span> <span class='ocrx_word' id='word_1_43' title='bbox 969 846 1043 903; x_wconf 90' lang='lat' dir='ltr'><strong>reso·</strong></span> <span class='ocrx_word' id='word_1_44' title='bbox 1081 871 1092 918; x_wconf 81' lang='lat'><strong>5</strong></span> 
     </span>
     <span class='ocr_line' id='line_1_7' title="bbox 88 951 336 1021; baseline -0.008 -12"><span class='ocrx_word' id='word_1_45' title='bbox 88 956 204 1021; x_wconf 90' lang='lat' dir='ltr'><strong>ventes,</strong></span> <span class='ocrx_word' id='word_1_46' title='bbox 219 951 336 1009; x_wconf 88' lang='lat' dir='ltr'><strong>devicit.</strong></span> 
     </span>
    </p>

    <p class='ocr_par' dir='ltr' id='par_1_3' title="bbox 89 1041 1093 2718">
     <span class='ocr_line' id='line_1_8' title="bbox 132 1041 1043 1132; baseline 0.001 -19"><span class='ocrx_word' id='word_1_47' title='bbox 132 1058 284 1114; x_wconf 84' lang='lat' dir='ltr'><strong>Victurem</strong></span> <span class='ocrx_word' id='word_1_48' title='bbox 305 1041 435 1114; x_wconf 63' lang='lat' dir='ltr'><strong>iliricum</strong></span> <span class='ocrx_word' id='word_1_49' title='bbox 455 1056 523 1114; x_wconf 87' lang='lat' dir='ltr'><strong>belli</strong></span> <span class='ocrx_word' id='word_1_50' title='bbox 547 1057 656 1115; x_wconf 79' lang='lat' dir='ltr'><strong>Guium</strong></span> <span class='ocrx_word' id='word_1_51' title='bbox 677 1057 837 1116; x_wconf 86' lang='lat' dir='ltr'><strong>Caesarem</strong></span> <span class='ocrx_word' id='word_1_52' title='bbox 860 1057 973 1132; x_wconf 85' lang='lat' dir='ltr'><strong>gravius</strong></span> <span class='ocrx_word' id='word_1_53' title='bbox 995 1074 1043 1114; x_wconf 87' lang='lat' dir='ltr'><strong>ex·</strong></span> 
     </span>
     <span class='ocr_line' id='line_1_9' title="bbox 90 1161 1044 1238; baseline 0 -18"><span class='ocrx_word' id='word_1_54' title='bbox 90 1163 175 1237; x_wconf 87' lang='lat' dir='ltr'><strong>cepit</strong></span> <span class='ocrx_word' id='word_1_55' title='bbox 203 1161 410 1237; x_wconf 71' lang='lat' dir='ltr'><strong>Hispaniense,</strong></span> <span class='ocrx_word' id='word_1_56' title='bbox 435 1161 516 1236; x_wconf 91' lang='lat' dir='ltr'><strong>quod</strong></span> <span class='ocrx_word' id='word_1_57' title='bbox 545 1162 600 1220; x_wconf 91' lang='lat' dir='ltr'><strong>Cn.</strong></span> <span class='ocrx_word' id='word_1_58' title='bbox 630 1163 798 1237; x_wconf 86' lang='lat' dir='ltr'><strong>Pompeius,</strong></span> <span class='ocrx_word' id='word_1_59' title='bbox 827 1164 929 1238; x_wconf 82' lang='lat' dir='ltr'><strong>Mugni</strong></span> <span class='ocrx_word' id='word_1_60' title='bbox 956 1163 1044 1234; x_wconf 79' lang='lat' dir='ltr'><strong>filius,</strong></span> 
     </span>
     <span class='ocr_line' id='line_1_10' title="bbox 90 1267 1043 1343; baseline 0 -18"><span class='ocrx_word' id='word_1_61' title='bbox 90 1267 266 1326; x_wconf 76' lang='lat' dir='ltr'><strong>adulescens</strong></span> <span class='ocrx_word' id='word_1_62' title='bbox 294 1267 476 1338; x_wconf 87' lang='lat' dir='ltr'><strong>fortissimus,</strong></span> <span class='ocrx_word' id='word_1_63' title='bbox 500 1268 604 1343; x_wconf 84' lang='lat' dir='ltr'><strong>ingens</strong></span> <span class='ocrx_word' id='word_1_64' title='bbox 632 1285 668 1325; x_wconf 91' lang='lat' dir='ltr'><strong>ac</strong></span> <span class='ocrx_word' id='word_1_65' title='bbox 699 1268 828 1327; x_wconf 86' lang='lat' dir='ltr'><strong>terribile</strong></span> <span class='ocrx_word' id='word_1_66' title='bbox 856 1268 1043 1339; x_wconf 81' lang='lat' dir='ltr'><strong>cunfluverat,</strong></span> 
     </span>
     <span class='ocr_line' id='line_1_11' title="bbox 90 1373 1093 1449; baseline 0.005 -19"><span class='ocrx_word' id='word_1_67' title='bbox 90 1373 224 1448; x_wconf 92' lang='lat' dir='ltr'><strong>undique</strong></span> <span class='ocrx_word' id='word_1_68' title='bbox 246 1373 285 1431; x_wconf 86' lang='lat' dir='ltr'><strong>ad</strong></span> <span class='ocrx_word' id='word_1_69' title='bbox 306 1392 374 1430; x_wconf 88' lang='lat' dir='ltr'><strong>eum</strong></span> <span class='ocrx_word' id='word_1_70' title='bbox 397 1373 508 1431; x_wconf 88' lang='lat' dir='ltr'><strong>auxiliis</strong></span> <span class='ocrx_word' id='word_1_71' title='bbox 529 1379 643 1448; x_wconf 84' lang='lat' dir='ltr'><strong>paterni</strong></span> <span class='ocrx_word' id='word_1_72' title='bbox 663 1373 791 1432; x_wconf 82' lang='lat' dir='ltr'><strong>numinis</strong></span> <span class='ocrx_word' id='word_1_73' title='bbox 813 1373 1044 1449; x_wconf 72' lang='lat' dir='ltr'><strong>magnitudinem</strong></span> <span class='ocrx_word' id='word_1_74' title='bbox 1067 1404 1093 1435; x_wconf 84' lang='lat'><strong>10</strong></span> 
     </span>
     <span class='ocr_line' id='line_1_12' title="bbox 91 1478 1044 1553; baseline -0.001 -15"><span class='ocrx_word' id='word_1_75' title='bbox 91 1478 279 1553; x_wconf 92' lang='lat' dir='ltr'><strong>sequentium</strong></span> <span class='ocrx_word' id='word_1_76' title='bbox 300 1497 338 1536; x_wconf 90' lang='lat' dir='ltr'><strong>ex</strong></span> <span class='ocrx_word' id='word_1_77' title='bbox 359 1483 422 1537; x_wconf 81' lang='lat' dir='ltr'><strong>tutu</strong></span> <span class='ocrx_word' id='word_1_78' title='bbox 445 1480 517 1538; x_wconf 93' lang='lat' dir='ltr'><strong>orbe</strong></span> <span class='ocrx_word' id='word_1_79' title='bbox 538 1479 762 1538; x_wconf 80' lang='lat' dir='ltr'><strong>cunfluentibus.</strong></span> <span class='ocrx_word' id='word_1_80' title='bbox 806 1480 864 1538; x_wconf 90' lang='lat' dir='ltr'><strong>Sua</strong></span> <span class='ocrx_word' id='word_1_81' title='bbox 885 1480 1044 1538; x_wconf 86' lang='lat' dir='ltr'><strong>Caesarem</strong></span> 
     </span>
     <span class='ocr_line' id='line_1_13' title="bbox 89 1584 1043 1659; baseline 0.001 -18"><span class='ocrx_word' id='word_1_82' title='bbox 89 1586 123 1642; x_wconf 93' lang='lat' dir='ltr'><strong>in</strong></span> <span class='ocrx_word' id='word_1_83' title='bbox 153 1584 328 1659; x_wconf 76' lang='lat' dir='ltr'><strong>Hispaniam</strong></span> <span class='ocrx_word' id='word_1_84' title='bbox 356 1584 497 1642; x_wconf 80' lang='lat' dir='ltr'><strong>comituta</strong></span> <span class='ocrx_word' id='word_1_85' title='bbox 524 1584 644 1643; x_wconf 75' lang='lat' dir='ltr'><strong>fortuna</strong></span> <span class='ocrx_word' id='word_1_86' title='bbox 671 1592 735 1658; x_wconf 77' lang='lat' dir='ltr'><strong>e&#39;st3</strong></span> <span class='ocrx_word' id='word_1_87' title='bbox 765 1584 818 1642; x_wconf 92' lang='lat' dir='ltr'><strong>sed</strong></span> <span class='ocrx_word' id='word_1_88' title='bbox 846 1585 957 1643; x_wconf 92' lang='lat' dir='ltr'><strong>nullum</strong></span> <span class='ocrx_word' id='word_1_89' title='bbox 980 1603 1043 1642; x_wconf 90' lang='lat' dir='ltr'><strong>um·</strong></span> 
     </span>
     <span class='ocr_line' id='line_1_14' title="bbox 90 1690 1043 1765; baseline 0 -18"><span class='ocrx_word' id='word_1_90' title='bbox 90 1708 184 1765; x_wconf 90' lang='lat' dir='ltr'><strong>quam</strong></span> <span class='ocrx_word' id='word_1_91' title='bbox 208 1690 335 1748; x_wconf 85' lang='lat' dir='ltr'><strong>atrecius</strong></span> <span class='ocrx_word' id='word_1_92' title='bbox 360 1690 610 1765; x_wconf 83' lang='lat' dir='ltr'><strong>periculusiusque</strong></span> <span class='ocrx_word' id='word_1_93' title='bbox 630 1690 669 1749; x_wconf 89' lang='lat' dir='ltr'><strong>ab</strong></span> <span class='ocrx_word' id='word_1_94' title='bbox 691 1696 728 1748; x_wconf 82' lang='lat' dir='ltr'><strong>eu</strong></span> <span class='ocrx_word' id='word_1_95' title='bbox 749 1690 854 1749; x_wconf 90' lang='lat' dir='ltr'><strong>initum</strong></span> <span class='ocrx_word' id='word_1_96' title='bbox 878 1691 1023 1765; x_wconf 86' lang='lat' dir='ltr'><strong>proelium</strong></span> <span class='ocrx_word' id='word_1_97' title='bbox 1035 1711 1043 1762; x_wconf 81' lang='lat'>3</span> 
     </span>
     <span class='ocr_line' id='line_1_15' title="bbox 91 1794 1044 1870; baseline -0.001 -17"><span class='ocrx_word' id='word_1_98' title='bbox 91 1795 172 1853; x_wconf 82' lang='lat' dir='ltr'><strong>adee</strong></span> <span class='ocrx_word' id='word_1_99' title='bbox 199 1804 240 1867; x_wconf 90' lang='lat' dir='ltr'><strong>ut,</strong></span> <span class='ocrx_word' id='word_1_100' title='bbox 269 1796 333 1870; x_wconf 92' lang='lat' dir='ltr'><strong>plus</strong></span> <span class='ocrx_word' id='word_1_101' title='bbox 362 1813 451 1870; x_wconf 90' lang='lat' dir='ltr'><strong>quam</strong></span> <span class='ocrx_word' id='word_1_102' title='bbox 483 1794 574 1855; x_wconf 78' lang='lat' dir='ltr'><strong>dubie</strong></span> <span class='ocrx_word' id='word_1_103' title='bbox 606 1797 712 1867; x_wconf 80' lang='lat' dir='ltr'><strong>Merte,</strong></span> <span class='ocrx_word' id='word_1_104' title='bbox 741 1795 938 1854; x_wconf 78' lang='lat' dir='ltr'><strong>descenderet</strong></span> <span class='ocrx_word' id='word_1_105' title='bbox 967 1801 1044 1869; x_wconf 80' lang='lat' dir='ltr'><strong>eque</strong></span> 
     </span>
     <span class='ocr_line' id='line_1_16' title="bbox 91 1900 1091 1979; baseline -0.002 -19"><span class='ocrx_word' id='word_1_106' title='bbox 91 1900 316 1976; x_wconf 80' lang='lat' dir='ltr'><strong>consistensque</strong></span> <span class='ocrx_word' id='word_1_107' title='bbox 334 1911 403 1960; x_wconf 89' lang='lat' dir='ltr'><strong>ante</strong></span> <span class='ocrx_word' id='word_1_108' title='bbox 417 1902 607 1960; x_wconf 72' lang='lat' dir='ltr'><strong>recedentem</strong></span> <span class='ocrx_word' id='word_1_109' title='bbox 631 1907 750 1959; x_wconf 78' lang='lat' dir='ltr'><strong>suerum</strong></span> <span class='ocrx_word' id='word_1_110' title='bbox 768 1902 873 1973; x_wconf 89' lang='lat' dir='ltr'><strong>aciem,</strong></span> <span class='ocrx_word' id='word_1_111' title='bbox 888 1902 1043 1976; x_wconf 73' lang='lat' dir='ltr'><strong>increpuns</strong></span> <span class='ocrx_word' id='word_1_112' title='bbox 1066 1932 1091 1979; x_wconf 80' lang='lat'><strong>15</strong></span> 
     </span>
     <span class='ocr_line' id='line_1_17' title="bbox 92 2006 1043 2083; baseline -0.001 -17"><span class='ocrx_word' id='word_1_113' title='bbox 92 2009 265 2079; x_wconf 78' lang='lat' dir='ltr'><strong>Fortunam,</strong></span> <span class='ocrx_word' id='word_1_114' title='bbox 284 2006 366 2083; x_wconf 91' lang='lat' dir='ltr'><strong>quod</strong></span> <span class='ocrx_word' id='word_1_115' title='bbox 386 2012 419 2066; x_wconf 89' lang='lat' dir='ltr'><strong>se</strong></span> <span class='ocrx_word' id='word_1_116' title='bbox 442 2008 473 2065; x_wconf 91' lang='lat' dir='ltr'><strong>in</strong></span> <span class='ocrx_word' id='word_1_117' title='bbox 494 2025 562 2066; x_wconf 90' lang='lat' dir='ltr'><strong>eum</strong></span> <span class='ocrx_word' id='word_1_118' title='bbox 584 2013 726 2066; x_wconf 67' lang='lat' dir='ltr'><strong>servisset</strong></span> <span class='ocrx_word' id='word_1_119' title='bbox 749 2008 869 2079; x_wconf 87' lang='lat' dir='ltr'><strong>exitum,</strong></span> <span class='ocrx_word' id='word_1_120' title='bbox 891 2007 1043 2065; x_wconf 81' lang='lat' dir='ltr'><strong>denuntie-</strong></span> 
     </span>
     <span class='ocr_line' id='line_1_18' title="bbox 92 2112 1043 2189; baseline -0.002 -17"><span class='ocrx_word' id='word_1_121' title='bbox 92 2124 139 2172; x_wconf 87' lang='lat' dir='ltr'><strong>ret</strong></span> <span class='ocrx_word' id='word_1_122' title='bbox 158 2114 306 2186; x_wconf 88' lang='lat' dir='ltr'><strong>militibus,</strong></span> <span class='ocrx_word' id='word_1_123' title='bbox 320 2113 445 2189; x_wconf 85' lang='lat' dir='ltr'><strong>vestigiu</strong></span> <span class='ocrx_word' id='word_1_124' title='bbox 466 2118 498 2173; x_wconf 87' lang='lat' dir='ltr'><strong>se</strong></span> <span class='ocrx_word' id='word_1_125' title='bbox 518 2118 580 2171; x_wconf 83' lang='lat' dir='ltr'><strong>nun</strong></span> <span class='ocrx_word' id='word_1_126' title='bbox 600 2118 782 2172; x_wconf 89' lang='lat' dir='ltr'><strong>recessurum</strong></span> <span class='ocrx_word' id='word_1_127' title='bbox 793 2135 802 2186; x_wconf 77' lang='lat'>3</span> <span class='ocrx_word' id='word_1_128' title='bbox 823 2112 949 2187; x_wconf 90' lang='lat' dir='ltr'><strong>proinde</strong></span> <span class='ocrx_word' id='word_1_129' title='bbox 962 2112 1043 2170; x_wconf 89' lang='lat' dir='ltr'><strong>vide-</strong></span> 
     </span>
     <span class='ocr_line' id='line_1_19' title="bbox 91 2218 1042 2295; baseline -0.003 -17"><span class='ocrx_word' id='word_1_130' title='bbox 91 2229 169 2292; x_wconf 91' lang='lat' dir='ltr'><strong>rent,</strong></span> <span class='ocrx_word' id='word_1_131' title='bbox 189 2236 280 2295; x_wconf 92' lang='lat' dir='ltr'><strong>quem</strong></span> <span class='ocrx_word' id='word_1_132' title='bbox 304 2228 335 2279; x_wconf 91' lang='lat' dir='ltr'><strong>et</strong></span> <span class='ocrx_word' id='word_1_133' title='bbox 358 2224 420 2295; x_wconf 84' lang='lat' dir='ltr'><strong>que</strong></span> <span class='ocrx_word' id='word_1_134' title='bbox 444 2219 512 2278; x_wconf 83' lang='lat' dir='ltr'><strong>loce</strong></span> <span class='ocrx_word' id='word_1_135' title='bbox 535 2219 745 2294; x_wconf 77' lang='lat' dir='ltr'><strong>impereturem</strong></span> <span class='ocrx_word' id='word_1_136' title='bbox 769 2218 913 2278; x_wconf 77' lang='lat' dir='ltr'><strong>deserturi</strong></span> <span class='ocrx_word' id='word_1_137' title='bbox 936 2227 1042 2276; x_wconf 89' lang='lat' dir='ltr'><strong>essent.</strong></span> 
     </span>
     <span class='ocr_line' id='line_1_20' title="bbox 91 2325 1043 2401; baseline -0.003 -18"><span class='ocrx_word' id='word_1_138' title='bbox 91 2325 283 2384; x_wconf 81' lang='lat' dir='ltr'><strong>Verecundiu</strong></span> <span class='ocrx_word' id='word_1_139' title='bbox 315 2325 410 2401; x_wconf 80' lang='lat' dir='ltr'><strong>magis</strong></span> <span class='ocrx_word' id='word_1_140' title='bbox 444 2342 534 2400; x_wconf 90' lang='lat' dir='ltr'><strong>quarn</strong></span> <span class='ocrx_word' id='word_1_141' title='bbox 566 2325 672 2383; x_wconf 88' lang='lat' dir='ltr'><strong>virtute</strong></span> <span class='ocrx_word' id='word_1_142' title='bbox 708 2325 786 2383; x_wconf 89' lang='lat' dir='ltr'><strong>acies</strong></span> <span class='ocrx_word' id='word_1_143' title='bbox 821 2325 955 2383; x_wconf 88' lang='lat' dir='ltr'><strong>restituta</strong></span> <span class='ocrx_word' id='word_1_144' title='bbox 989 2333 1043 2381; x_wconf 89' lang='lat' dir='ltr'><strong>est.</strong></span> 
     </span>
     <span class='ocr_line' id='line_1_21' title="bbox 92 2430 1093 2507; baseline -0.001 -16"><span class='ocrx_word' id='word_1_145' title='bbox 92 2432 150 2491; x_wconf 91' lang='lat' dir='ltr'><strong>Cn.</strong></span> <span class='ocrx_word' id='word_1_146' title='bbox 173 2431 333 2507; x_wconf 89' lang='lat' dir='ltr'><strong>Pompeius</strong></span> <span class='ocrx_word' id='word_1_147' title='bbox 352 2432 447 2489; x_wconf 87' lang='lat' dir='ltr'><strong>victus</strong></span> <span class='ocrx_word' id='word_1_148' title='bbox 471 2441 502 2489; x_wconf 92' lang='lat' dir='ltr'><strong>et</strong></span> <span class='ocrx_word' id='word_1_149' title='bbox 525 2430 720 2505; x_wconf 90' lang='lat' dir='ltr'><strong>interemptus</strong></span> <span class='ocrx_word' id='word_1_150' title='bbox 744 2440 798 2489; x_wconf 89' lang='lat' dir='ltr'><strong>est.</strong></span> <span class='ocrx_word' id='word_1_151' title='bbox 840 2431 959 2501; x_wconf 83' lang='lat' dir='ltr'><strong>Caesar,</strong></span> <span class='ocrx_word' id='word_1_152' title='bbox 980 2446 1043 2486; x_wconf 92' lang='lat' dir='ltr'><strong>om·</strong></span> <span class='ocrx_word' id='word_1_153' title='bbox 1064 2459 1093 2490; x_wconf 88' lang='lat'><strong>20</strong></span> 
     </span>
     <span class='ocr_line' id='line_1_22' title="bbox 91 2536 1045 2615; baseline -0.005 -20"><span class='ocrx_word' id='word_1_154' title='bbox 91 2536 177 2595; x_wconf 90' lang='lat' dir='ltr'><strong>nium</strong></span> <span class='ocrx_word' id='word_1_155' title='bbox 201 2547 305 2609; x_wconf 83' lang='lat' dir='ltr'><strong>vrctor,</strong></span> <span class='ocrx_word' id='word_1_156' title='bbox 330 2554 478 2615; x_wconf 88' lang='lat' dir='ltr'><strong>regressus</strong></span> <span class='ocrx_word' id='word_1_157' title='bbox 506 2536 537 2593; x_wconf 91' lang='lat' dir='ltr'><strong>in</strong></span> <span class='ocrx_word' id='word_1_158' title='bbox 564 2537 668 2595; x_wconf 86' lang='lat' dir='ltr'><strong>urbem</strong></span> <span class='ocrx_word' id='word_1_159' title='bbox 697 2537 842 2608; x_wconf 87' lang='lat' dir='ltr'><strong>omnibus,</strong></span> <span class='ocrx_word' id='word_1_160' title='bbox 864 2541 915 2609; x_wconf 85' lang='lat' dir='ltr'><strong>qui</strong></span> <span class='ocrx_word' id='word_1_161' title='bbox 941 2539 1045 2592; x_wconf 83' lang='lat' dir='ltr'><strong>contru</strong></span> 
     </span>
     <span class='ocr_line' id='line_1_23' title="bbox 92 2640 975 2718; baseline -0.005 -17"><span class='ocrx_word' id='word_1_162' title='bbox 92 2646 126 2701; x_wconf 87' lang='lat' dir='ltr'><strong>se</strong></span> <span class='ocrx_word' id='word_1_163' title='bbox 145 2660 229 2701; x_wconf 71' lang='lat' dir='ltr'><strong>mma</strong></span> <span class='ocrx_word' id='word_1_164' title='bbox 247 2642 383 2715; x_wconf 90' lang='lat' dir='ltr'><strong>tulerant,</strong></span> <span class='ocrx_word' id='word_1_165' title='bbox 397 2642 510 2718; x_wconf 81' lang='lat' dir='ltr'><strong>ignuvit</strong></span> <span class='ocrx_word' id='word_1_166' title='bbox 531 2651 562 2701; x_wconf 91' lang='lat' dir='ltr'><strong>et</strong></span> <span class='ocrx_word' id='word_1_167' title='bbox 581 2642 757 2717; x_wconf 67' lang='lat' dir='ltr'><strong>quinquiens</strong></span> <span class='ocrx_word' id='word_1_168' title='bbox 779 2640 975 2715; x_wconf 73' lang='lat' dir='ltr'><strong>triumphavit.</strong></span> 
     </span>
    </p>

    <p class='ocr_par' dir='ltr' id='par_1_4' title="bbox 92 2744 1091 3142">
     <span class='ocr_line' id='line_1_24' title="bbox 133 2744 1043 2819; baseline -0.005 -12"><span class='ocrx_word' id='word_1_169' title='bbox 133 2748 221 2807; x_wconf 86' lang='lat' dir='ltr'><strong>Bellis</strong></span> <span class='ocrx_word' id='word_1_170' title='bbox 245 2748 377 2808; x_wconf 80' lang='lat' dir='ltr'><strong>civilibus</strong></span> <span class='ocrx_word' id='word_1_171' title='bbox 401 2749 554 2819; x_wconf 84' lang='lat' dir='ltr'><strong>cunfectis,</strong></span> <span class='ocrx_word' id='word_1_172' title='bbox 569 2752 727 2806; x_wconf 85' lang='lat' dir='ltr'><strong>cunversus</strong></span> <span class='ocrx_word' id='word_1_173' title='bbox 754 2747 813 2804; x_wconf 89' lang='lat' dir='ltr'><strong>iam</strong></span> <span class='ocrx_word' id='word_1_174' title='bbox 841 2744 879 2802; x_wconf 87' lang='lat' dir='ltr'><strong>ad</strong></span> <span class='ocrx_word' id='word_1_175' title='bbox 906 2745 1043 2804; x_wconf 83' lang='lat' dir='ltr'><strong>urdinan-</strong></span> 
     </span>
     <span class='ocr_line' id='line_1_25' title="bbox 92 2848 1044 2929; baseline -0.008 -14"><span class='ocrx_word' id='word_1_176' title='bbox 92 2854 167 2915; x_wconf 90' lang='lat' dir='ltr'><strong>dum</strong></span> <span class='ocrx_word' id='word_1_177' title='bbox 187 2861 230 2913; x_wconf 85' lang='lat' dir='ltr'><strong>rei</strong></span> <span class='ocrx_word' id='word_1_178' title='bbox 249 2855 386 2929; x_wconf 89' lang='lat' dir='ltr'><strong>publicae</strong></span> <span class='ocrx_word' id='word_1_179' title='bbox 407 2863 525 2926; x_wconf 89' lang='lat' dir='ltr'><strong>statum,</strong></span> <span class='ocrx_word' id='word_1_180' title='bbox 548 2855 643 2912; x_wconf 76' lang='lat' dir='ltr'><strong>fastos</strong></span> <span class='ocrx_word' id='word_1_181' title='bbox 666 2852 794 2911; x_wconf 87' lang='lat' dir='ltr'><strong>correxit</strong></span> <span class='ocrx_word' id='word_1_182' title='bbox 814 2869 982 2926; x_wconf 91' lang='lat' dir='ltr'><strong>annumque</strong></span> <span class='ocrx_word' id='word_1_183' title='bbox 1006 2848 1044 2907; x_wconf 90' lang='lat' dir='ltr'><strong>ad</strong></span> 
     </span>
     <span class='ocr_line' id='line_1_26' title="bbox 92 2956 1091 3032; baseline -0.003 -13"><span class='ocrx_word' id='word_1_184' title='bbox 92 2978 211 3019; x_wconf 88' lang='lat' dir='ltr'><strong>cursum</strong></span> <span class='ocrx_word' id='word_1_185' title='bbox 239 2959 308 3019; x_wconf 81' lang='lat' dir='ltr'><strong>selis</strong></span> <span class='ocrx_word' id='word_1_186' title='bbox 335 2959 582 3031; x_wconf 76' lang='lat' dir='ltr'><strong>accommoduvit,</strong></span> <span class='ocrx_word' id='word_1_187' title='bbox 608 2968 640 3015; x_wconf 92' lang='lat' dir='ltr'><strong>ut</strong></span> <span class='ocrx_word' id='word_1_188' title='bbox 668 2964 866 3016; x_wconf 77' lang='lat' dir='ltr'><strong>trecentorum</strong></span> <span class='ocrx_word' id='word_1_189' title='bbox 895 2956 1046 3031; x_wconf 78' lang='lat' dir='ltr'><strong>sexegintu</strong></span> <span class='ocrx_word' id='word_1_190' title='bbox 1065 2961 1091 3032; x_wconf 71' lang='grc' dir='ltr'><strong>ές</strong></span> 
     </span>
     <span class='ocr_line' id='line_1_27' title="bbox 93 3061 1045 3142; baseline -0.005 -18"><span class='ocrx_word' id='word_1_191' title='bbox 93 3072 223 3142; x_wconf 85' lang='lat' dir='ltr'><strong>quinque</strong></span> <span class='ocrx_word' id='word_1_192' title='bbox 258 3065 375 3124; x_wconf 90' lang='lat' dir='ltr'><strong>dierum</strong></span> <span class='ocrx_word' id='word_1_193' title='bbox 409 3075 487 3124; x_wconf 90' lang='lat' dir='ltr'><strong>esset</strong></span> <span class='ocrx_word' id='word_1_194' title='bbox 521 3074 551 3122; x_wconf 93' lang='lat' dir='ltr'><strong>et</strong></span> <span class='ocrx_word' id='word_1_195' title='bbox 585 3064 770 3141; x_wconf 65' lang='lat' dir='ltr'><strong>intercalaris)</strong></span> <span class='ocrx_word' id='word_1_196' title='bbox 801 3067 902 3120; x_wconf 90' lang='lat' dir='ltr'><strong>mense</strong></span> <span class='ocrx_word' id='word_1_197' title='bbox 930 3061 1045 3120; x_wconf 80' lang='lat' dir='ltr'><strong>sublutu</strong></span> 
     </span>
    </p>
   </div>
   <div class='ocr_carea' id='block_1_3' title="bbox 93 3256 1047 3477">
    <p class='ocr_par' dir='ltr' id='par_1_5' title="bbox 93 3256 1047 3477">
     <span class='ocr_line' id='line_1_28' title="bbox 95 3256 967 3319; baseline -0.006 -13"><span class='ocrx_word' id='word_1_198' title='bbox 95 3274 115 3307; x_wconf 94' lang='lat' dir='ltr'><strong>r.</strong></span> <span class='ocrx_word' id='word_1_199' title='bbox 128 3260 285 3319; x_wconf 75' lang='lat' dir='ltr'><strong>praedicutie‚</strong></span> <span class='ocrx_word' id='word_1_200' title='bbox 291 3261 379 3318; x_wconf 83' lang='lat' dir='ltr'><strong>praise,</strong></span> <span class='ocrx_word' id='word_1_201' title='bbox 390 3261 459 3305; x_wconf 79' lang='lat' dir='ltr'><strong>boort.</strong></span> <span class='ocrx_word' id='word_1_202' title='bbox 599 3271 633 3314; x_wconf 90' lang='lat'><strong>17.</strong></span> <span class='ocrx_word' id='word_1_203' title='bbox 649 3258 884 3317; x_wconf 82' lang='lat' dir='ltr'><strong>vestlgi6‚footprint,</strong></span> <span class='ocrx_word' id='word_1_204' title='bbox 894 3256 967 3302; x_wconf 81' lang='lat' dir='ltr'><strong>track.</strong></span> 
     </span>
     <span class='ocr_line' id='line_1_29' title="bbox 94 3330 1047 3395; baseline -0.004 -16"><span class='ocrx_word' id='word_1_205' title='bbox 94 3348 116 3395; x_wconf 77' lang='lat'><strong>3.</strong></span> <span class='ocrx_word' id='word_1_206' title='bbox 129 3335 233 3389; x_wconf 82' lang='lat' dir='ltr'><strong>titulum,</strong></span> <span class='ocrx_word' id='word_1_207' title='bbox 243 3334 387 3392; x_wconf 76' lang='lat' dir='ltr'><strong>inscription,</strong></span> <span class='ocrx_word' id='word_1_208' title='bbox 398 3334 478 3379; x_wconf 82' lang='lat' dir='ltr'><strong>notice.</strong></span> <span class='ocrx_word' id='word_1_209' title='bbox 597 3334 632 3377; x_wconf 87' lang='lat'><strong>26.</strong></span> <span class='ocrx_word' id='word_1_210' title='bbox 648 3332 796 3376; x_wconf 73' lang='lat' dir='ltr'><strong>intercaluriu</strong></span> <span class='ocrx_word' id='word_1_211' title='bbox 807 3331 896 3385; x_wconf 84' lang='lat' dir='ltr'><strong>mense,</strong></span> <span class='ocrx_word' id='word_1_212' title='bbox 905 3330 1047 3386; x_wconf 67' lang='lat' dir='ltr'><strong>intercalavy</strong></span> 
     </span>
     <span class='ocr_line' id='line_1_30' title="bbox 93 3408 764 3477; baseline -0.004 -21"><span class='ocrx_word' id='word_1_213' title='bbox 93 3422 116 3469; x_wconf 83' lang='lat'><strong>5.</strong></span> <span class='ocrx_word' id='word_1_214' title='bbox 129 3408 270 3464; x_wconf 77' lang='lat' dir='ltr'><strong>refoventes,</strong></span> <span class='ocrx_word' id='word_1_215' title='bbox 277 3410 399 3477; x_wconf 65' lang='lat' dir='ltr'><strong>waming</strong></span> <span class='ocrx_word' id='word_1_216' title='bbox 406 3423 468 3462; x_wconf 84' lang='lat' dir='ltr'><strong>over,</strong></span> <span class='ocrx_word' id='word_1_217' title='bbox 479 3408 608 3464; x_wconf 61' lang='lat' dir='ltr'><strong>reviving:</strong></span> <span class='ocrx_word' id='word_1_218' title='bbox 678 3408 764 3453; x_wconf 75' lang='lat' dir='ltr'><strong>ntoutll.</strong></span> 
     </span>
    </p>
   </div>
   <div class='ocr_carea' id='block_1_4' title="bbox 0 0 1199 3788">
    <p class='ocr_par' dir='ltr' id='par_1_6' title="bbox 0 0 1199 3788">
     <span class='ocr_line' id='line_1_31' title="bbox 0 0 1199 3788; baseline 0 0"><span class='ocrx_word' id='word_1_219' title='bbox 0 0 1199 3788; x_wconf 95' lang='lat' dir='ltr'><strong> </strong></span> 
     </span>
    </p>
   </div>
  </div>
 </body>
</html>
