2378 3788
141 215 183 289 76
356 211 454 273 Urbis
476 210 603 272 Romae
635 207 708 271 Viri
728 207 878 270 Illustrat

138 429 218 504 apud
246 430 477 505 Xenophentem
507 428 631 504 legisset,
654 429 765 503 Cyrum
793 427 896 485 ultime
923 428 1093 488 valetildine

138 535 294 594 mandesse
315 534 462 610 quaedam
484 534 523 592 de
545 535 649 603 itinere
671 539 733 604 sue,
755 539 927 608 espemetus
948 543 1014 592 tam
1034 535 1092 593 len·

138 651 200 700 tum
216 642 317 700 mortis
336 659 429 717 genus
449 640 577 699 subitam
598 640 653 698 sibi
674 640 862 714 celeremque
882 645 1049 715 opteverat,
1064 650 1092 698 et

138 747 232 824 pridie
246 765 336 822 quam
353 746 548 819 occideretur,
564 746 594 804 in
615 750 752 804 sermene
774 750 844 803 nete
866 763 956 821 super
977 751 1090 817 cenam,

102 874 112 921 5
138 854 273 929 quisnam
301 862 378 911 esset
406 852 476 910 finis
504 857 580 909 vitae
610 850 878 923 commodissimus,
902 858 1091 927 repentinum

138 960 380 1034 inopinetumque
406 958 593 1032 praetulerat.
637 958 846 1016 Percusserum
868 967 969 1015 autem
995 974 1090 1033 neque

138 1065 264 1123 triennii>
290 1065 445 1139 quisquam
468 1063 593 1138 amplius
618 1062 777 1137 supervixit
798 1079 896 1137 neque
920 1073 1019 1122 morte
1041 1082 1089 1122 ne

138 1171 264 1229 cesserie
287 1171 383 1246 periit.
426 1172 566 1228 Damneti
593 1174 697 1228 omnes
721 1170 794 1227 alius
820 1169 877 1227 alie
901 1174 973 1228 cesti
998 1170 1090 1244 perie-

137 1287 212 1348 runt,
241 1294 308 1351 pars
349 1276 510 1351 naufragie,
545 1292 613 1350 pars
652 1275 784 1349 proeli63
827 1275 960 1333 nenmilli
998 1280 1090 1334 semet

90 1406 116 1436 10
137 1383 245 1440 eedem
270 1383 319 1440 illd
347 1381 485 1457 pugiene,
508 1386 569 1456 que
597 1381 756 1440 Caesarem
786 1380 977 1454 violeverunt,
1003 1381 1089 1440 inter·

136 1493 278 1563 emerunt.

142 1606 156 1630 -·
177 1595 246 1668 Qui)
270 1594 359 1651 terior
377 1593 408 1650 in
433 1593 550 1667 regibus
572 1602 602 1650 et
623 1592 804 1667 principibus
825 1592 892 1651 viris
913 1592 1089 1664 moderetie,

136 1701 193 1758 hec
230 1698 379 1757 laudanda
417 1699 511 1774 magis
549 1709 602 1756 est.
652 1698 687 1762 C.
717 1698 806 1756 lilius
835 1698 945 1757 Caesar
969 1699 1090 1756 victerie

136 1806 212 1864 civili
234 1805 463 1864 clementissime
485 1810 554 1862 risus
577 1815 640 1876 est;
662 1822 731 1861 cum
754 1803 834 1861 enim
855 1804 962 1862 scrinia
983 1804 1088 1879 depre-

89 1911 289 1979 15hendisset
313 1911 502 1987 epistulerum
530 1910 568 1968 ad
598 1910 773 1984 Pompeium
797 1911 950 1967 misserum
976 1911 1014 1969 ab
1039 1917 1088 1981 eia,

136 2025 187 2093 qui
206 2018 382 2076 videbantur
402 2026 452 2074 aut
472 2017 503 2074 in
526 2015 645 2074 diversis
666 2025 715 2073 aut
738 2015 768 2072 in
787 2021 895 2073 neutris
912 2015 1002 2074 fuiss'e
1024 2033 1088 2091 par-

136 2124 223 2195 tibus,
244 2124 342 2199 legere
366 2123 468 2195 neluit,
491 2121 544 2180 sed
569 2121 740 2192 combussit,
762 2125 800 2179 ne
824 2120 905 2179 forte
928 2120 959 2178 in
981 2123 1088 2180 multes

136 2231 250 2306 gravius
271 2229 446 2288 censulendi
466 2229 565 2287 locum
588 2228 701 2286 darent.
744 2227 853 2286 Cicere
873 2226 950 2284 hanc
969 2226 1088 2285 laudem

137 2337 275 2395 eximiam
304 2337 424 2395 Caesari
452 2335 560 2406 tribuit,
590 2333 672 2409 quod
708 2333 779 2390 nihil
815 2333 947 2391 oblivisci
982 2335 1089 2392 soleret

87 2464 115 2494 20
136 2443 191 2500 nisi
212 2443 337 2500 iniuries.
382 2442 548 2501 Simultetes
567 2444 671 2499 omnes
694 2439 851 2497 occesiene
873 2438 972 2497 oblite
994 2439 1088 2498 libens

136 2549 283 2623 deposuit.
325 2549 411 2608 Ultre
432 2565 467 2604 ac
489 2547 568 2622 prior
589 2545 704 2620 scripsit
721 2545 756 2603 C.
772 2544 862 2603 Calvi>
884 2553 952 2618 post
973 2544 1088 2603 semesa

136 2655 198 2711 eius
233 2654 387 2712 adversum
423 2658 454 2712 se
490 2653 708 2728 epigrammata.
751 2651 900 2708 Valerium
929 2650 1087 2722 Catullum,

136 2760 218 2818 citius
240 2760 388 2818 versiculis
412 2760 525 2818 simam
549 2777 635 2816 suam
657 2759 815 2816 laceretam
839 2761 900 2815 nen
924 2757 1087 2832 igneraibat,

135 2865 270 2924 adhibuit
306 2870 408 2924 cenae.
450 2866 483 2925 C.
515 2865 650 2922 Memmii
682 2863 852 2938 suffregetor
885 2861 916 2920 in
945 2862 1088 2937 petitiene

110 3095 113 3099 .
137 3041 156 3074 1.
172 3027 255 3073 ultime
263 3027 405 3082 valetudine,
414 3029 439 3072 in
447 3029 484 3072 his
492 3027 538 3071 last
548 3028 586 3071 ill·
651 3041 672 3083 9.
687 3025 819 3083 naufragii),
830 3024 965 3082 shipwreck.

216 3117 274 3148 ness.
638 3114 672 3157 14.
687 3101 781 3154 scrinia,
792 3113 842 3145 acc.
853 3100 910 3156 plu,
917 3099 1038 3158 portsolr'o,
1048 3099 1088 3143 let-

135 3189 156 3235 5.
172 3177 391 3231 commodissimus,
409 3182 468 3221 most
481 3177 585 3229 suitable,
718 3180 822 3220 ter-case.

217 3258 276 3297 most
284 3253 417 3311 flavorable.
637 3263 672 3294 20.
687 3250 824 3302 simultates,
836 3248 950 3294 enmities.

136 3330 156 3373 8.
172 3334 247 3372 morte
265 3328 407 3382 necesserie‚
418 3327 444 3382 by
459 3341 474 3370 a
488 3325 588 3369 natural
637 3337 672 3370 21.
687 3325 755 3377 ultre,
766 3323 918 3379 voluntarius.

217 3404 292 3448 death.
637 3413 672 3454 24.
688 3397 1086 3454 suffragator,supporter‚partisaa
