<?xml version="1.0" encoding="UTF-8"?>
<!DOCTYPE html PUBLIC "-//W3C//DTD XHTML 1.0 Transitional//EN"
    "http://www.w3.org/TR/xhtml1/DTD/xhtml1-transitional.dtd">
<html xmlns="http://www.w3.org/1999/xhtml" xml:lang="en" lang="en">
 <head>
  <title>
</title>
<meta http-equiv="Content-Type" content="text/html;charset=utf-8" />
  <meta name='ocr-system' content='tesseract 3.04.00' />
  <meta name='ocr-capabilities' content='ocr_page ocr_carea ocr_par ocr_line ocrx_word'/>
</head>
<body>
  <div class='ocr_page' id='page_1' title='image "./selectionsfromv01lhogoog_0120.png"; bbox 0 0 2378 3788; ppageno 0'>
   <div class='ocr_carea' id='block_1_1' title="bbox 305 208 1047 294">
    <p class='ocr_par' dir='ltr' id='par_1_1' title="bbox 305 208 1047 294">
     <span class='ocr_line' id='line_1_1' title="bbox 305 208 1047 294; baseline 0 -20"><span class='ocrx_word' id='word_1_1' title='bbox 305 208 429 274; x_wconf 84' lang='lat' dir='ltr'>Caesar</span> <span class='ocrx_word' id='word_1_2' title='bbox 451 209 653 274; x_wconf 80' lang='lat' dir='ltr'>Octavianus</span> <span class='ocrx_word' id='word_1_3' title='bbox 674 211 847 294; x_wconf 78' lang='lat' dir='ltr'>Augustus</span> <span class='ocrx_word' id='word_1_4' title='bbox 1008 214 1047 292; x_wconf 80' lang='grc'>85</span> 
     </span>
    </p>
   </div>
   <div class='ocr_carea' id='block_1_2' title="bbox 92 430 1096 3059">
    <p class='ocr_par' dir='ltr' id='par_1_2' title="bbox 94 430 1096 2083">
     <span class='ocr_line' id='line_1_2' title="bbox 96 430 1049 508; baseline 0.003 -19"><span class='ocrx_word' id='word_1_5' title='bbox 96 432 257 490; x_wconf 84' lang='lat' dir='ltr'>Caesarem</span> <span class='ocrx_word' id='word_1_6' title='bbox 285 430 487 506; x_wconf 68' lang='lat' dir='ltr'>heredemque</span> <span class='ocrx_word' id='word_1_7' title='bbox 512 435 544 489; x_wconf 70' lang='lat' dir='ltr'>si</span> <span class='ocrx_word' id='word_1_8' title='bbox 569 431 724 507; x_wconf 89' lang='lat' dir='ltr'>comperit,</span> <span class='ocrx_word' id='word_1_9' title='bbox 750 432 780 489; x_wconf 90' lang='lat' dir='ltr'>in</span> <span class='ocrx_word' id='word_1_10' title='bbox 807 432 912 491; x_wconf 90' lang='lat' dir='ltr'>urbem</span> <span class='ocrx_word' id='word_1_11' title='bbox 939 450 1049 508; x_wconf 87' lang='lat' dir='ltr'>regres-</span> 
     </span>
     <span class='ocr_line' id='line_1_3' title="bbox 96 536 1048 613; baseline 0.004 -19"><span class='ocrx_word' id='word_1_12' title='bbox 96 556 146 595; x_wconf 89' lang='lat' dir='ltr'>sus</span> <span class='ocrx_word' id='word_1_13' title='bbox 174 536 369 595; x_wconf 69' lang='lat' dir='ltr'>herEdititem</span> <span class='ocrx_word' id='word_1_14' title='bbox 393 537 474 606; x_wconf 90' lang='lat' dir='ltr'>adiit,</span> <span class='ocrx_word' id='word_1_15' title='bbox 499 543 610 595; x_wconf 78' lang='lat' dir='ltr'>nomen</span> <span class='ocrx_word' id='word_1_16' title='bbox 629 538 764 597; x_wconf 85' lang='lat' dir='ltr'>Caesaris</span> <span class='ocrx_word' id='word_1_17' title='bbox 789 539 913 613; x_wconf 79' lang='lat' dir='ltr'>siimpsit</span> <span class='ocrx_word' id='word_1_18' title='bbox 932 541 1048 598; x_wconf 76' lang='lat' dir='ltr'>conlec-</span> 
     </span>
     <span class='ocr_line' id='line_1_4' title="bbox 96 644 1049 719; baseline 0.002 -18"><span class='ocrx_word' id='word_1_19' title='bbox 96 648 191 717; x_wconf 81' lang='lat' dir='ltr'>toque</span> <span class='ocrx_word' id='word_1_20' title='bbox 212 648 417 701; x_wconf 76' lang='lat' dir='ltr'>veteranorum</span> <span class='ocrx_word' id='word_1_21' title='bbox 442 644 573 702; x_wconf 77' lang='lat' dir='ltr'>exercitii</span> <span class='ocrx_word' id='word_1_22' title='bbox 597 661 688 719; x_wconf 87' lang='lat' dir='ltr'>opem</span> <span class='ocrx_word' id='word_1_23' title='bbox 710 644 837 702; x_wconf 77' lang='lat' dir='ltr'>Decimo</span> <span class='ocrx_word' id='word_1_24' title='bbox 862 647 952 703; x_wconf 80' lang='lat' dir='ltr'>Bnito</span> <span class='ocrx_word' id='word_1_25' title='bbox 975 646 1049 718; x_wconf 85' lang='lat' dir='ltr'>tulit,</span> 
     </span>
     <span class='ocr_line' id='line_1_5' title="bbox 97 749 1049 824; baseline 0.003 -18"><span class='ocrx_word' id='word_1_26' title='bbox 97 755 149 824; x_wconf 92' lang='lat' dir='ltr'>qui</span> <span class='ocrx_word' id='word_1_27' title='bbox 184 749 222 807; x_wconf 93' lang='lat' dir='ltr'>ab</span> <span class='ocrx_word' id='word_1_28' title='bbox 256 750 385 808; x_wconf 79' lang='lat' dir='ltr'>Antonio</span> <span class='ocrx_word' id='word_1_29' title='bbox 421 750 554 807; x_wconf 87' lang='lat' dir='ltr'>Mutinae</span> <span class='ocrx_word' id='word_1_30' title='bbox 589 749 789 808; x_wconf 76' lang='lat' dir='ltr'>obsidebatur.</span> <span class='ocrx_word' id='word_1_31' title='bbox 838 751 915 809; x_wconf 90' lang='lat' dir='ltr'>Cum</span> <span class='ocrx_word' id='word_1_32' title='bbox 950 761 1049 809; x_wconf 91' lang='lat' dir='ltr'>autem</span> 
     </span>
     <span class='ocr_line' id='line_1_6' title="bbox 95 854 1083 930; baseline 0.004 -19"><span class='ocrx_word' id='word_1_33' title='bbox 95 854 178 912; x_wconf 90' lang='lat' dir='ltr'>urbis</span> <span class='ocrx_word' id='word_1_34' title='bbox 199 855 280 913; x_wconf 77' lang='lat' dir='ltr'>adito</span> <span class='ocrx_word' id='word_1_35' title='bbox 302 855 514 930; x_wconf 74' lang='lat' dir='ltr'>prohiberetur,</span> <span class='ocrx_word' id='word_1_36' title='bbox 534 864 568 913; x_wconf 90' lang='lat' dir='ltr'>ut</span> <span class='ocrx_word' id='word_1_37' title='bbox 592 856 714 913; x_wconf 74' lang='lat' dir='ltr'>Brutum</span> <span class='ocrx_word' id='word_1_38' title='bbox 739 856 778 915; x_wconf 72' lang='lat' dir='ltr'>de</span> <span class='ocrx_word' id='word_1_39' title='bbox 802 857 938 916; x_wconf 91' lang='lat' dir='ltr'>omnibus</span> <span class='ocrx_word' id='word_1_40' title='bbox 963 858 1049 916; x_wconf 70' lang='lat' dir='ltr'>rebus</span> <span class='ocrx_word' id='word_1_41' title='bbox 1072 877 1083 925; x_wconf 80' lang='lat'><strong>5</strong></span> 
     </span>
     <span class='ocr_line' id='line_1_7' title="bbox 96 960 1049 1037; baseline 0.003 -19"><span class='ocrx_word' id='word_1_42' title='bbox 96 960 255 1019; x_wconf 79' lang='lat' dir='ltr'>certiorem</span> <span class='ocrx_word' id='word_1_43' title='bbox 283 961 400 1034; x_wconf 76' lang='lat' dir='ltr'>faceret,</span> <span class='ocrx_word' id='word_1_44' title='bbox 423 967 519 1037; x_wconf 79' lang='lat' dir='ltr'>primo</span> <span class='ocrx_word' id='word_1_45' title='bbox 547 961 657 1020; x_wconf 72' lang='lat' dir='ltr'>litteris</span> <span class='ocrx_word' id='word_1_46' title='bbox 684 963 763 1021; x_wconf 81' lang='lat' dir='ltr'>misit</span> <span class='ocrx_word' id='word_1_47' title='bbox 791 963 936 1037; x_wconf 87' lang='lat' dir='ltr'>plumbeis</span> <span class='ocrx_word' id='word_1_48' title='bbox 967 964 1049 1021; x_wconf 77' lang='lat' dir='ltr'>lami-</span> 
     </span>
     <span class='ocr_line' id='line_1_8' title="bbox 96 1067 1049 1144; baseline 0.004 -20"><span class='ocrx_word' id='word_1_49' title='bbox 96 1073 142 1125; x_wconf 86' lang='lat' dir='ltr'>nis</span> <span class='ocrx_word' id='word_1_50' title='bbox 171 1072 334 1143; x_wconf 74' lang='lat' dir='ltr'>inscriptas,</span> <span class='ocrx_word' id='word_1_51' title='bbox 363 1074 436 1142; x_wconf 76' lang='lat' dir='ltr'>quis</span> <span class='ocrx_word' id='word_1_52' title='bbox 467 1067 505 1126; x_wconf 91' lang='lat' dir='ltr'>ad</span> <span class='ocrx_word' id='word_1_53' title='bbox 537 1068 688 1127; x_wconf 71' lang='lat' dir='ltr'>brichium</span> <span class='ocrx_word' id='word_1_54' title='bbox 720 1069 855 1144; x_wconf 70' lang='lat' dir='ltr'>religatis</span> <span class='ocrx_word' id='word_1_55' title='bbox 889 1074 1049 1128; x_wconf 71' lang='lat' dir='ltr'>iirinatores</span> 
     </span>
     <span class='ocr_line' id='line_1_9' title="bbox 97 1173 1048 1235; baseline 0.003 -4"><span class='ocrx_word' id='word_1_56' title='bbox 97 1173 286 1232; x_wconf 89' lang='lat' dir='ltr'><strong>Scultennam</strong></span> <span class='ocrx_word' id='word_1_57' title='bbox 304 1177 305 1181; x_wconf 76' lang='grc'>’</span> <span class='ocrx_word' id='word_1_58' title='bbox 320 1191 440 1232; x_wconf 89' lang='lat' dir='ltr'>amnem</span> <span class='ocrx_word' id='word_1_59' title='bbox 472 1180 619 1232; x_wconf 71' lang='lat' dir='ltr'>tranantes</span> <span class='ocrx_word' id='word_1_60' title='bbox 649 1175 688 1233; x_wconf 90' lang='lat' dir='ltr'>ad</span> <span class='ocrx_word' id='word_1_61' title='bbox 717 1177 837 1233; x_wconf 72' lang='lat' dir='ltr'>Brutum</span> <span class='ocrx_word' id='word_1_62' title='bbox 866 1175 1048 1235; x_wconf 64' lang='lat' dir='ltr'>describant.</span> 
     </span>
     <span class='ocr_line' id='line_1_10' title="bbox 98 1281 1048 1355; baseline 0.003 -18"><span class='ocrx_word' id='word_1_63' title='bbox 98 1281 180 1354; x_wconf 88' lang='lat' dir='ltr'>Quin</span> <span class='ocrx_word' id='word_1_64' title='bbox 204 1290 234 1338; x_wconf 88' lang='lat' dir='ltr'>et</span> <span class='ocrx_word' id='word_1_65' title='bbox 257 1281 358 1339; x_wconf 91' lang='lat' dir='ltr'>avibus</span> <span class='ocrx_word' id='word_1_66' title='bbox 387 1281 570 1339; x_wconf 81' lang='lat' dir='ltr'>interniintiis</span> <span class='ocrx_word' id='word_1_67' title='bbox 596 1281 739 1339; x_wconf 73' lang='lat' dir='ltr'>utebatur.</span> <span class='ocrx_word' id='word_1_68' title='bbox 781 1281 934 1341; x_wconf 91' lang='lat' dir='ltr'>Columbis</span> <span class='ocrx_word' id='word_1_69' title='bbox 960 1283 1048 1355; x_wconf 87' lang='lat' dir='ltr'>enim,</span> 
     </span>
     <span class='ocr_line' id='line_1_11' title="bbox 97 1387 1096 1475; baseline 0.001 -31"><span class='ocrx_word' id='word_1_70' title='bbox 97 1392 171 1462; x_wconf 68' lang='lat' dir='ltr'>queis</span> <span class='ocrx_word' id='word_1_71' title='bbox 195 1387 320 1445; x_wconf 74' lang='lat' dir='ltr'>inclrisis</span> <span class='ocrx_word' id='word_1_72' title='bbox 344 1396 412 1444; x_wconf 90' lang='lat' dir='ltr'>ante</span> <span class='ocrx_word' id='word_1_73' title='bbox 438 1387 515 1445; x_wconf 74' lang='lat' dir='ltr'>fame</span> <span class='ocrx_word' id='word_1_74' title='bbox 541 1387 691 1459; x_wconf 75' lang='lat' dir='ltr'>affecerat,</span> <span class='ocrx_word' id='word_1_75' title='bbox 715 1388 854 1462; x_wconf 77' lang='lat' dir='ltr'>epistulas</span> <span class='ocrx_word' id='word_1_76' title='bbox 877 1387 916 1446; x_wconf 90' lang='lat' dir='ltr'>ad</span> <span class='ocrx_word' id='word_1_77' title='bbox 939 1389 1096 1475; x_wconf 68' lang='lat' dir='ltr'>collumro</span> 
     </span>
     <span class='ocr_line' id='line_1_12' title="bbox 97 1494 1047 1569; baseline 0.002 -19"><span class='ocrx_word' id='word_1_78' title='bbox 97 1494 238 1568; x_wconf 73' lang='lat' dir='ltr'>religabat</span> <span class='ocrx_word' id='word_1_79' title='bbox 264 1499 371 1568; x_wconf 77' lang='lat' dir='ltr'>easque</span> <span class='ocrx_word' id='word_1_80' title='bbox 399 1499 417 1550; x_wconf 76' lang='lat' dir='ltr'>a</span> <span class='ocrx_word' id='word_1_81' title='bbox 443 1494 579 1569; x_wconf 80' lang='lat' dir='ltr'>proximo</span> <span class='ocrx_word' id='word_1_82' title='bbox 607 1494 762 1552; x_wconf 90' lang='lat' dir='ltr'>moenibus</span> <span class='ocrx_word' id='word_1_83' title='bbox 789 1495 856 1552; x_wconf 80' lang='lat' dir='ltr'>loco</span> <span class='ocrx_word' id='word_1_84' title='bbox 885 1495 1047 1554; x_wconf 74' lang='lat' dir='ltr'>emittebat.</span> 
     </span>
     <span class='ocr_line' id='line_1_13' title="bbox 98 1599 1047 1676; baseline 0.001 -19"><span class='ocrx_word' id='word_1_85' title='bbox 98 1600 180 1671; x_wconf 89' lang='lat' dir='ltr'>Illae,</span> <span class='ocrx_word' id='word_1_86' title='bbox 209 1600 281 1657; x_wconf 76' lang='lat' dir='ltr'>lucis</span> <span class='ocrx_word' id='word_1_87' title='bbox 309 1599 427 1673; x_wconf 89' lang='lat' dir='ltr'>cibique</span> <span class='ocrx_word' id='word_1_88' title='bbox 455 1599 569 1670; x_wconf 88' lang='lat' dir='ltr'>avidae,</span> <span class='ocrx_word' id='word_1_89' title='bbox 598 1600 738 1658; x_wconf 90' lang='lat' dir='ltr'>altissima</span> <span class='ocrx_word' id='word_1_90' title='bbox 765 1600 968 1658; x_wconf 79' lang='lat' dir='ltr'>aedificiorum</span> <span class='ocrx_word' id='word_1_91' title='bbox 996 1619 1047 1676; x_wconf 93' lang='lat' dir='ltr'>pe·</span> 
     </span>
     <span class='ocr_line' id='line_1_14' title="bbox 97 1705 1048 1780; baseline 0 -16"><span class='ocrx_word' id='word_1_92' title='bbox 97 1710 194 1764; x_wconf 74' lang='lat' dir='ltr'>tent&#39;e‘s</span> <span class='ocrx_word' id='word_1_93' title='bbox 223 1706 446 1780; x_wconf 74' lang='lat' dir='ltr'>excipiebantur</span> <span class='ocrx_word' id='word_1_94' title='bbox 472 1711 490 1762; x_wconf 76' lang='lat' dir='ltr'>a</span> <span class='ocrx_word' id='word_1_95' title='bbox 518 1705 645 1763; x_wconf 78' lang='lat' dir='ltr'>Decimo</span> <span class='ocrx_word' id='word_1_96' title='bbox 675 1707 764 1764; x_wconf 79' lang='lat' dir='ltr'>Bnito</span> <span class='ocrx_word' id='word_1_97' title='bbox 776 1727 784 1778; x_wconf 81' lang='lat'>3</span> <span class='ocrx_word' id='word_1_98' title='bbox 813 1713 864 1780; x_wconf 89' lang='lat' dir='ltr'>qui</span> <span class='ocrx_word' id='word_1_99' title='bbox 892 1712 928 1764; x_wconf 80' lang='lat' dir='ltr'>eo</span> <span class='ocrx_word' id='word_1_100' title='bbox 956 1706 1048 1764; x_wconf 81' lang='lat' dir='ltr'>modo</span> 
     </span>
     <span class='ocr_line' id='line_1_15' title="bbox 96 1811 1047 1887; baseline -0.001 -17"><span class='ocrx_word' id='word_1_101' title='bbox 96 1812 136 1871; x_wconf 76' lang='lat' dir='ltr'>de</span> <span class='ocrx_word' id='word_1_102' title='bbox 161 1812 297 1870; x_wconf 90' lang='lat' dir='ltr'>omnibus</span> <span class='ocrx_word' id='word_1_103' title='bbox 321 1812 408 1869; x_wconf 72' lang='lat' dir='ltr'>rebus</span> <span class='ocrx_word' id='word_1_104' title='bbox 432 1811 541 1869; x_wconf 89' lang='lat' dir='ltr'>certior</span> <span class='ocrx_word' id='word_1_105' title='bbox 562 1811 664 1883; x_wconf 70' lang='lat' dir='ltr'>bibat,</span> <span class='ocrx_word' id='word_1_106' title='bbox 686 1813 786 1886; x_wconf 89' lang='lat' dir='ltr'>utique</span> <span class='ocrx_word' id='word_1_107' title='bbox 810 1822 967 1887; x_wconf 88' lang='lat' dir='ltr'>postquam</span> <span class='ocrx_word' id='word_1_108' title='bbox 990 1811 1047 1870; x_wconf 93' lang='lat' dir='ltr'>dis-</span> 
     </span>
     <span class='ocr_line' id='line_1_16' title="bbox 95 1915 1094 1992; baseline -0.002 -16"><span class='ocrx_word' id='word_1_109' title='bbox 95 1919 196 1992; x_wconf 80' lang='lat' dir='ltr'>posito</span> <span class='ocrx_word' id='word_1_110' title='bbox 224 1915 401 1992; x_wconf 84' lang='lat' dir='ltr'>quibusdam</span> <span class='ocrx_word' id='word_1_111' title='bbox 428 1917 500 1975; x_wconf 91' lang='lat' dir='ltr'>locis</span> <span class='ocrx_word' id='word_1_112' title='bbox 527 1917 596 1975; x_wconf 76' lang='lat' dir='ltr'>cibo</span> <span class='ocrx_word' id='word_1_113' title='bbox 627 1918 778 1977; x_wconf 75' lang='lat' dir='ltr'>columbis</span> <span class='ocrx_word' id='word_1_114' title='bbox 810 1919 879 1976; x_wconf 78' lang='lat' dir='ltr'>illiic</span> <span class='ocrx_word' id='word_1_115' title='bbox 911 1917 1047 1976; x_wconf 71' lang='lat' dir='ltr'>devolare</span> <span class='ocrx_word' id='word_1_116' title='bbox 1070 1941 1094 1988; x_wconf 80' lang='lat'>15</span> 
     </span>
     <span class='ocr_line' id='line_1_17' title="bbox 94 2025 268 2083; baseline 0 -1"><span class='ocrx_word' id='word_1_117' title='bbox 94 2025 268 2083; x_wconf 86' lang='lat' dir='ltr'>instituerat.</span> 
     </span>
    </p>

    <p class='ocr_par' dir='ltr' id='par_1_3' title="bbox 92 2128 1095 3059">
     <span class='ocr_line' id='line_1_18' title="bbox 136 2128 1045 2204; baseline -0.001 -17"><span class='ocrx_word' id='word_1_118' title='bbox 136 2130 253 2187; x_wconf 87' lang='lat' dir='ltr'>Bellum</span> <span class='ocrx_word' id='word_1_119' title='bbox 282 2129 450 2187; x_wconf 68' lang='lat' dir='ltr'>Mutinense</span> <span class='ocrx_word' id='word_1_120' title='bbox 479 2128 658 2187; x_wconf 74' lang='lat' dir='ltr'>Octavianus</span> <span class='ocrx_word' id='word_1_121' title='bbox 685 2128 801 2188; x_wconf 77' lang='lat' dir='ltr'>duobus</span> <span class='ocrx_word' id='word_1_122' title='bbox 829 2130 947 2204; x_wconf 88' lang='lat' dir='ltr'>proeliis</span> <span class='ocrx_word' id='word_1_123' title='bbox 975 2134 1045 2187; x_wconf 76' lang='lat' dir='ltr'>con·</span> 
     </span>
     <span class='ocr_line' id='line_1_19' title="bbox 94 2214 1047 2310; baseline -0.002 -16"><span class='ocrx_word' id='word_1_124' title='bbox 94 2235 173 2294; x_wconf 74' lang='lat' dir='ltr'>fecit</span> <span class='ocrx_word' id='word_1_125' title='bbox 184 2256 192 2308; x_wconf 81' lang='lat'>3</span> <span class='ocrx_word' id='word_1_126' title='bbox 215 2240 340 2310; x_wconf 82' lang='lat' dir='ltr'>quorum</span> <span class='ocrx_word' id='word_1_127' title='bbox 367 2236 399 2292; x_wconf 92' lang='lat' dir='ltr'>in</span> <span class='ocrx_word' id='word_1_128' title='bbox 427 2235 519 2292; x_wconf 79' lang='lat' dir='ltr'>altero</span> <span class='ocrx_word' id='word_1_129' title='bbox 546 2214 607 2292; x_wconf 76' lang='lat' dir='ltr'>non</span> <span class='ocrx_word' id='word_1_130' title='bbox 635 2234 719 2293; x_wconf 92' lang='lat' dir='ltr'>ducis</span> <span class='ocrx_word' id='word_1_131' title='bbox 744 2235 846 2307; x_wconf 89' lang='lat' dir='ltr'>modo,</span> <span class='ocrx_word' id='word_1_132' title='bbox 869 2235 919 2292; x_wconf 90' lang='lat' dir='ltr'>sed</span> <span class='ocrx_word' id='word_1_133' title='bbox 950 2236 1047 2294; x_wconf 90' lang='lat' dir='ltr'>militis</span> 
     </span>
     <span class='ocr_line' id='line_1_20' title="bbox 95 2341 1046 2414; baseline -0.002 -14"><span class='ocrx_word' id='word_1_134' title='bbox 95 2343 187 2400; x_wconf 88' lang='lat' dir='ltr'>etiam</span> <span class='ocrx_word' id='word_1_135' title='bbox 213 2342 333 2398; x_wconf 72' lang='lat' dir='ltr'>[rinctus</span> <span class='ocrx_word' id='word_1_136' title='bbox 358 2351 403 2399; x_wconf 88' lang='lat' dir='ltr'>est</span> <span class='ocrx_word' id='word_1_137' title='bbox 427 2341 526 2398; x_wconf 77' lang='lat' dir='ltr'>officio</span> <span class='ocrx_word' id='word_1_138' title='bbox 551 2350 640 2414; x_wconf 89' lang='lat' dir='ltr'>atque</span> <span class='ocrx_word' id='word_1_139' title='bbox 665 2341 696 2398; x_wconf 90' lang='lat' dir='ltr'>in</span> <span class='ocrx_word' id='word_1_140' title='bbox 724 2341 823 2399; x_wconf 74' lang='lat' dir='ltr'>media</span> <span class='ocrx_word' id='word_1_141' title='bbox 847 2341 1046 2411; x_wconf 72' lang='lat' dir='ltr'>dimicatione,</span> 
     </span>
     <span class='ocr_line' id='line_1_21' title="bbox 93 2446 1095 2522; baseline 0.002 -17"><span class='ocrx_word' id='word_1_142' title='bbox 93 2447 249 2522; x_wconf 80' lang='lat' dir='ltr'>aquilifero</span> <span class='ocrx_word' id='word_1_143' title='bbox 274 2447 396 2521; x_wconf 75' lang='lat' dir='ltr'>legionis</span> <span class='ocrx_word' id='word_1_144' title='bbox 418 2463 488 2504; x_wconf 90' lang='lat' dir='ltr'>suae</span> <span class='ocrx_word' id='word_1_145' title='bbox 509 2446 635 2520; x_wconf 87' lang='lat' dir='ltr'>graviter</span> <span class='ocrx_word' id='word_1_146' title='bbox 656 2447 766 2519; x_wconf 78' lang='lat' dir='ltr'>saucio,</span> <span class='ocrx_word' id='word_1_147' title='bbox 790 2446 918 2520; x_wconf 87' lang='lat' dir='ltr'>aquilam</span> <span class='ocrx_word' id='word_1_148' title='bbox 940 2453 1047 2504; x_wconf 87' lang='lat' dir='ltr'>umeris</span> <span class='ocrx_word' id='word_1_149' title='bbox 1068 2476 1095 2508; x_wconf 62' lang='grc' dir='ltr'>ιο</span> 
     </span>
     <span class='ocr_line' id='line_1_22' title="bbox 93 2552 1046 2626; baseline -0.003 -14"><span class='ocrx_word' id='word_1_150' title='bbox 93 2554 208 2612; x_wconf 87' lang='lat' dir='ltr'>subisse</span> <span class='ocrx_word' id='word_1_151' title='bbox 230 2553 339 2626; x_wconf 79' lang='lat' dir='ltr'>dirique</span> <span class='ocrx_word' id='word_1_152' title='bbox 361 2552 451 2610; x_wconf 84' lang='lat' dir='ltr'>fertur</span> <span class='ocrx_word' id='word_1_153' title='bbox 471 2557 613 2626; x_wconf 75' lang='lat' dir='ltr'>portasse.</span> <span class='ocrx_word' id='word_1_154' title='bbox 656 2554 762 2610; x_wconf 53' lang='lat' dir='ltr'>Posteri</span> <span class='ocrx_word' id='word_1_155' title='bbox 776 2553 964 2610; x_wconf 74' lang='lat' dir='ltr'>reconciliati</span> <span class='ocrx_word' id='word_1_156' title='bbox 978 2571 1046 2609; x_wconf 88' lang='lat' dir='ltr'>cum</span> 
     </span>
     <span class='ocr_line' id='line_1_23' title="bbox 93 2659 1045 2734; baseline -0.002 -17"><span class='ocrx_word' id='word_1_157' title='bbox 93 2659 227 2718; x_wconf 78' lang='lat' dir='ltr'>Antonio</span> <span class='ocrx_word' id='word_1_158' title='bbox 248 2660 339 2734; x_wconf 72' lang='lat' dir='ltr'>gratia</span> <span class='ocrx_word' id='word_1_159' title='bbox 359 2659 522 2732; x_wconf 74' lang='lat' dir='ltr'>iunctisque</span> <span class='ocrx_word' id='word_1_160' title='bbox 542 2675 611 2715; x_wconf 90' lang='lat' dir='ltr'>cum</span> <span class='ocrx_word' id='word_1_161' title='bbox 634 2662 671 2715; x_wconf 81' lang='lat' dir='ltr'>eo</span> <span class='ocrx_word' id='word_1_162' title='bbox 692 2659 795 2733; x_wconf 78' lang='lat' dir='ltr'>copiis,</span> <span class='ocrx_word' id='word_1_163' title='bbox 810 2668 842 2715; x_wconf 88' lang='lat' dir='ltr'>ut</span> <span class='ocrx_word' id='word_1_164' title='bbox 864 2659 920 2717; x_wconf 74' lang='lat' dir='ltr'>Gn</span> <span class='ocrx_word' id='word_1_165' title='bbox 939 2660 1045 2717; x_wconf 89' lang='lat' dir='ltr'>Caesa-</span> 
     </span>
     <span class='ocr_line' id='line_1_24' title="bbox 92 2762 1047 2835; baseline -0.001 -12"><span class='ocrx_word' id='word_1_166' title='bbox 92 2765 133 2823; x_wconf 90' lang='lat' dir='ltr'>ris</span> <span class='ocrx_word' id='word_1_167' title='bbox 169 2782 275 2822; x_wconf 89' lang='lat' dir='ltr'>necem</span> <span class='ocrx_word' id='word_1_168' title='bbox 310 2766 507 2835; x_wconf 70' lang='lat' dir='ltr'>ulcisceretur,</span> <span class='ocrx_word' id='word_1_169' title='bbox 535 2762 574 2821; x_wconf 92' lang='lat' dir='ltr'>ad</span> <span class='ocrx_word' id='word_1_170' title='bbox 608 2764 711 2822; x_wconf 90' lang='lat' dir='ltr'>urbem</span> <span class='ocrx_word' id='word_1_171' title='bbox 746 2764 889 2822; x_wconf 88' lang='lat' dir='ltr'>hostiliter</span> <span class='ocrx_word' id='word_1_172' title='bbox 923 2764 1047 2822; x_wconf 86' lang='lat' dir='ltr'>accessit</span> 
     </span>
     <span class='ocr_line' id='line_1_25' title="bbox 93 2869 1046 2945; baseline 0 -17"><span class='ocrx_word' id='word_1_173' title='bbox 93 2870 244 2945; x_wconf 90' lang='lat' dir='ltr'>misitque,</span> <span class='ocrx_word' id='word_1_174' title='bbox 265 2877 315 2945; x_wconf 91' lang='lat' dir='ltr'>qui</span> <span class='ocrx_word' id='word_1_175' title='bbox 341 2871 462 2928; x_wconf 81' lang='lat' dir='ltr'>nomine</span> <span class='ocrx_word' id='word_1_176' title='bbox 490 2869 634 2927; x_wconf 78' lang='lat' dir='ltr'>exercitiis</span> <span class='ocrx_word' id='word_1_177' title='bbox 656 2869 710 2927; x_wconf 88' lang='lat' dir='ltr'>sibi</span> <span class='ocrx_word' id='word_1_178' title='bbox 732 2871 914 2928; x_wconf 75' lang='lat' dir='ltr'>consulatum</span> <span class='ocrx_word' id='word_1_179' title='bbox 939 2870 1046 2945; x_wconf 73' lang='lat' dir='ltr'>depos-</span> 
     </span>
     <span class='ocr_line' id='line_1_26' title="bbox 93 2975 1093 3059; baseline -0.002 -24"><span class='ocrx_word' id='word_1_180' title='bbox 93 2986 206 3036; x_wconf 87' lang='lat' dir='ltr'>cerent.</span> <span class='ocrx_word' id='word_1_181' title='bbox 257 2977 423 3035; x_wconf 90' lang='lat' dir='ltr'>Cunctante</span> <span class='ocrx_word' id='word_1_182' title='bbox 444 2980 555 3046; x_wconf 76' lang='lat' dir='ltr'>senatu,</span> <span class='ocrx_word' id='word_1_183' title='bbox 578 2975 712 3032; x_wconf 80' lang='lat' dir='ltr'>centurio</span> <span class='ocrx_word' id='word_1_184' title='bbox 734 2982 870 3050; x_wconf 89' lang='lat' dir='ltr'>princeps</span> <span class='ocrx_word' id='word_1_185' title='bbox 894 2976 1047 3051; x_wconf 66' lang='lat' dir='ltr'>ligationis</span> <span class='ocrx_word' id='word_1_186' title='bbox 1067 3012 1093 3059; x_wconf 80' lang='lat'>²5</span> 
     </span>
    </p>
   </div>
   <div class='ocr_carea' id='block_1_3' title="bbox 89 3178 904 3455">
    <p class='ocr_par' dir='ltr' id='par_1_4' title="bbox 89 3178 844 3312">
     <span class='ocr_line' id='line_1_27' title="bbox 89 3178 844 3238; baseline 0 -14"><span class='ocrx_word' id='word_1_187' title='bbox 89 3183 114 3227; x_wconf 91' lang='lat'>6.</span> <span class='ocrx_word' id='word_1_188' title='bbox 130 3179 252 3238; x_wconf 88' lang='lat' dir='ltr'>plumbeis</span> <span class='ocrx_word' id='word_1_189' title='bbox 277 3179 378 3233; x_wconf 74' lang='lat' dir='ltr'>laminis,</span> <span class='ocrx_word' id='word_1_190' title='bbox 405 3179 488 3223; x_wconf 78' lang='lat' dir='ltr'>lenden</span> <span class='ocrx_word' id='word_1_191' title='bbox 596 3192 617 3235; x_wconf 88' lang='lat'>9.</span> <span class='ocrx_word' id='word_1_192' title='bbox 634 3178 757 3232; x_wconf 86' lang='lat' dir='ltr'>columbis,</span> <span class='ocrx_word' id='word_1_193' title='bbox 770 3180 844 3224; x_wconf 83' lang='lat' dir='ltr'>doves.</span> 
     </span>
     <span class='ocr_line' id='line_1_28' title="bbox 173 3253 825 3312; baseline 0.005 -16"><span class='ocrx_word' id='word_1_194' title='bbox 173 3254 258 3310; x_wconf 74' lang='lat' dir='ltr'>platea.</span> <span class='ocrx_word' id='word_1_195' title='bbox 599 3267 633 3300; x_wconf 90' lang='lat'>10.</span> <span class='ocrx_word' id='word_1_196' title='bbox 647 3253 718 3308; x_wconf 75' lang='lat' dir='ltr'>fame,</span> <span class='ocrx_word' id='word_1_197' title='bbox 728 3254 825 3312; x_wconf 71' lang='lat' dir='ltr'>hunger.</span> 
     </span>
    </p>

    <p class='ocr_par' dir='ltr' id='par_1_5' title="bbox 89 3328 904 3455">
     <span class='ocr_line' id='line_1_29' title="bbox 89 3328 904 3387; baseline -0.005 -14"><span class='ocrx_word' id='word_1_198' title='bbox 89 3344 114 3387; x_wconf 84' lang='lat'>7.</span> <span class='ocrx_word' id='word_1_199' title='bbox 129 3328 265 3382; x_wconf 74' lang='lat' dir='ltr'>brachium,</span> <span class='ocrx_word' id='word_1_200' title='bbox 299 3341 368 3380; x_wconf 67' lang='lat' dir='ltr'>arm:</span> <span class='ocrx_word' id='word_1_201' title='bbox 406 3328 545 3382; x_wconf 60' lang='lat' dir='ltr'>ianitoris,</span> <span class='ocrx_word' id='word_1_202' title='bbox 598 3342 632 3385; x_wconf 88' lang='lat'>14.</span> <span class='ocrx_word' id='word_1_203' title='bbox 648 3329 736 3385; x_wconf 86' lang='lat' dir='ltr'>utique¹</span> <span class='ocrx_word' id='word_1_204' title='bbox 748 3328 904 3385; x_wconf 73' lang='lat' dir='ltr'>especially..</span> 
     </span>
     <span class='ocr_line' id='line_1_30' title="bbox 176 3401 868 3455; baseline -0.001 -8"><span class='ocrx_word' id='word_1_205' title='bbox 176 3403 263 3448; x_wconf 75' lang='lat' dir='ltr'>divers.</span> <span class='ocrx_word' id='word_1_206' title='bbox 597 3416 633 3448; x_wconf 89' lang='lat'>20.</span> <span class='ocrx_word' id='word_1_207' title='bbox 649 3403 738 3455; x_wconf 74' lang='lat' dir='ltr'>saucio,</span> <span class='ocrx_word' id='word_1_208' title='bbox 750 3401 868 3446; x_wconf 83' lang='lat' dir='ltr'>wounded.</span> 
     </span>
    </p>
   </div>
   <div class='ocr_carea' id='block_1_4' title="bbox 0 0 1194 3788">
    <p class='ocr_par' dir='ltr' id='par_1_6' title="bbox 0 0 1194 3788">
     <span class='ocr_line' id='line_1_31' title="bbox 0 0 1194 3788; baseline 0 0"><span class='ocrx_word' id='word_1_209' title='bbox 0 0 1194 3788; x_wconf 95' lang='lat' dir='ltr'> </span> 
     </span>
    </p>
   </div>
  </div>
 </body>
</html>
