2378 3788
142 226 184 292 70
361 214 458 276 Urbis
480 214 605 276 Romae
630 215 702 277 Viri
722 214 874 276 Illustres

180 435 291 492 Censul
318 434 428 493 deinde
457 442 571 494 creetus
599 455 667 494 cum
700 438 744 494 M.
776 437 890 508 Bibulo,
917 437 1093 496 societatem

138 558 206 597 cum
235 542 340 599 Gnaer‘)
369 543 512 616 Pompeis)
538 553 568 600 et
593 544 697 600 Meroe)
721 543 828 602 Crasso
853 542 946 600 iunxit
973 544 1093 615 Caesar,

138 651 176 704 ne
201 646 273 721 quid
298 651 432 722 ageretur
455 648 484 705 in
510 652 540 705 re
561 648 689 723 publice,
711 647 793 723 quod
817 647 1017 724 displicuisset
1046 650 1094 708 silli

139 752 289 810 extribus.
333 751 449 811 Deinde
472 753 566 829 legem
589 754 663 826 tulit,
678 764 710 811 ut
731 772 800 829 ager
820 754 992 828 Campenus
1014 756 1094 830 plebi

105 879 115 925 5
138 857 325 916 divideretur.
368 859 423 917 Cui
446 858 504 934 legi
526 877 594 916 cum
619 865 736 918 senetus
759 864 944 935 repugneret,
966 878 1031 918 rem
1055 861 1094 919 ad

138 964 279 1039 populum
305 963 419 1022 detulit.
462 965 582 1024 Bibulus
606 966 732 1040 conlega
757 965 787 1023 in
812 966 920 1023 Forum
943 966 1036 1037 venit,
1062 977 1094 1024 ut

138 1071 195 1144 legi
216 1069 380 1141 obsisteret,
396 1069 448 1128 sed
474 1079 555 1128 tanta
580 1071 611 1128 in
635 1090 703 1129 eum
728 1076 880 1129 commeta
904 1080 949 1129 est
974 1072 1098 1145 seditio„

137 1186 170 1233 ut
194 1176 224 1232 in
249 1185 338 1250 caput
361 1176 423 1234 eius
450 1177 595 1251 cophinus
618 1187 747 1235 stercore
769 1178 872 1252 plenus
894 1176 1094 1236 effunderetur

138 1282 290 1356 fascesque
319 1287 347 1339 ei
375 1282 576 1357 frangerentur
603 1293 692 1357 atque
720 1281 797 1340 adef)
823 1282 887 1357 ipse
914 1289 1002 1341 armis
1016 1283 1094 1341 Fore

92 1415 117 1445 ιο
138 1387 339 1462 expelleretur.
383 1388 450 1462 Qui
474 1393 506 1446 re
531 1406 599 1445 cum
624 1388 745 1446 Bibulus
769 1406 824 1462 per
849 1388 995 1462 reliquum
1025 1396 1095 1447 anni

138 1503 255 1569 tempus
276 1494 368 1552 dorne
389 1493 507 1552 abditus
527 1494 607 1551 curie
620 1494 790 1566 abstineret,
804 1499 878 1552 imus
900 1500 937 1552 'ex
958 1499 995 1552 ee
1017 1503 1092 1552 tem·

137 1617 209 1675 pore
231 1600 341 1658 Caesar
362 1600 462 1657 omnia
482 1601 512 1657 in
537 1604 568 1658 re
590 1599 708 1674 publica
727 1600 766 1656 ad
785 1600 936 1656 arbitrium
953 1596 1094 1656 adminis-

138 1707 240 1775 tnibat,
269 1717 301 1761 ut
329 1706 459 1762 nonnulli
489 1706 676 1776 urbandrum,
700 1711 723 1763 si
750 1703 823 1779 quid
848 1681 977 1762 testandi
999 1705 1095 1779 gretie

138 1819 292 1888 signarent,
308 1830 362 1886 per
382 1812 480 1869 iocum
502 1816 571 1882 nen,
591 1821 623 1868 ut
644 1816 708 1868 mes
731 1820 802 1882 erat,
824 1810 993 1868 censulibus
1017 1811 1092 1869 Cae·

91 1942 115 1990 15
138 1937 200 1978 sare
227 1928 256 1976 et
281 1917 386 1975 Bibule
410 1923 509 1974 ectum
534 1917 702 1986 scriberent,
723 1916 777 1974 sed
802 1916 877 1973 Iulie
901 1924 930 1973 et
954 1916 1093 1987 Caesare,

137 2030 227 2082 tinum
253 2023 404 2081 censulem
425 2023 546 2080 nemine
568 2032 597 2080 et
619 2021 796 2097 cognemine
821 2026 876 2097 pre
900 2020 1018 2079 duehus
1041 2040 1092 2096 ap·

138 2130 290 2205 pellantes.

179 2236 308 2292 Functus
337 2234 489 2292 censuletir
515 2233 623 2291 Caesar
648 2232 773 2291 Galliam
798 2231 981 2306 previnciam
1005 2237 1093 2291 acce-

138 2341 191 2416 pit.
234 2340 332 2399 Gessit
353 2349 453 2397 autem
474 2356 581 2396 novem
604 2345 695 2409 annis,
711 2337 817 2412 quibus
835 2337 865 2394 in
884 2337 1010 2411 imperie
1029 2338 1093 2408 fuit,

89 2470 117 2502 20
138 2447 213 2504 haec
228 2446 306 2504 fere:
330 2445 455 2503 Galliam
475 2445 505 2501 in
524 2444 692 2519 previnciae
712 2445 841 2501 termam
861 2442 994 2517 redegit,
1017 2444 1092 2502 Ger-

139 2557 250 2622 menes
266 2558 316 2625 qui
337 2557 415 2608 trains
438 2550 576 2608 Rhenum
599 2550 739 2620 incolunt,
754 2555 865 2624 primus
887 2549 1093 2606 Remenerum

138 2667 229 2733 ponte
265 2657 406 2715 fabricate
441 2673 594 2730 aggressus
627 2656 759 2713 meximis
796 2653 910 2712 adfecit
931 2630 1092 2712 'cladibus

138 2765 299 2838 Aggressus
335 2771 379 2820 est
415 2762 580 2831 Britannes,
608 2763 724 2835 ignetes
758 2765 854 2831 antei,
890 2764 1107 2834 superetisque

139 2868 278 2944 pecirnies
308 2876 337 2924 et
363 2865 482 2924 obsides
510 2866 673 2940 imperevit.
723 2867 783 2923 Hic
811 2883 880 2923 cum
910 2864 1002 2922 multa
1031 2865 1093 2923 Re-

139 3117 160 3160 8.
175 3113 300 3171 cophinus,
342 3113 434 3163 hustet:
476 3118 587 3165 stercore,
641 3125 675 3157 12.
690 3110 821 3165 arbitrium,
831 3111 890 3156 will.

213 3189 257 3245 fill
273 3222 278 3233 .
642 3200 676 3244 13.
692 3187 794 3231 testandi
803 3185 886 3242 gretie,
891 3185 936 3242 fiir
945 3184 984 3229 the
992 3190 1093 3242 purpose

139 3277 160 3320 9.
175 3263 257 3316 fasces,
278 3277 292 3305 a
313 3262 396 3306 bundle
415 3263 446 3319 os
459 3260 513 3304 rods
533 3261 590 3303 with
723 3257 856 3315 osbearing
864 3256 963 3300 witness.

221 3352 252 3381 an
273 3351 324 3390 axe,
343 3336 438 3380 carried
457 3336 534 3393 before
553 3335 591 3377 tae
644 3334 677 3376 18.
692 3328 995 3387 fdnctus‚filled,finislred.

220 3413 313 3469 highest
326 3412 490 3468 magistrates:
505 3410 591 3467 firsces·
643 3419 678 3450 21.
694 3405 806 3457 incolunt,
817 3403 894 3448 druell.
