2378 3788
441 212 547 276 Gaius
568 212 704 275 Marius
1007 227 1043 294 51

90 445 197 514 paucis
216 443 334 496 suenrm
353 435 392 493 ad
410 435 517 494 vellum
538 437 707 493 Remenum
725 433 900 510 adequitens
920 435 1047 507 Boiorix,

92 544 285 604 Cimbrorum
306 543 375 614 dux,
391 542 520 600 Marium
541 541 580 599 ad
601 546 730 616 pugnarn
752 547 894 616 prevocat
915 550 946 599 et
966 541 1048 600 diem

92 655 212 725 prignae
246 654 264 706 e
291 650 496 707 Remenerum
531 647 708 722 imperitere
740 647 824 722 petit.
877 648 1048 706 Proximum

92 754 181 814 dedit
195 755 305 812 consul.
348 754 460 811 Marius
479 772 548 811 curn
567 753 662 810 aciem
683 753 725 811 ita
743 753 923 826 instituisset,
935 762 968 811 ut
987 753 1049 828 pul·

91 861 138 918 vis
162 861 195 917 in
213 861 314 918 ocules
337 869 367 917 et
391 859 443 916 dra
465 859 593 917 hostium
615 858 746 931 ferretur,
766 858 932 918 incredibili
952 864 1047 933 strege
1071 878 1081 926 ς

92 971 242 1041 prestreta
258 975 303 1023 est
321 965 370 1022 illa
386 965 573 1024 Cimbrerum
593 964 769 1036 multitid65
792 982 879 1022 caesa
895 964 1048 1022 traduntur

92 1081 216 1129 centum
231 1071 382 1146 octeginta
400 1071 552 1128 hominum
573 1070 660 1128 milia.
703 1070 769 1128 Nec
784 1071 880 1129 minor
893 1088 962 1128 cum
975 1075 1047 1128 uxe-

92 1177 175 1235 ribus
197 1182 295 1252 pugna
313 1194 402 1251 quam
424 1194 492 1233 curn
513 1176 581 1233 viris
604 1175 665 1247 fuit,
681 1193 749 1232 cunr
770 1176 894 1234 obiectis
916 1176 1047 1251 undique

93 1283 230 1357 plaustris
250 1282 387 1357 desuper,
402 1281 485 1356 quasi
499 1285 517 1339 e
531 1281 665 1353 turribuS,
680 1281 789 1339 lanceis
806 1288 959 1356 contisque
974 1286 1046 1357 pirg-

93 1393 209 1446 natent.
250 1389 353 1445 Victae
373 1397 473 1445 tamen
493 1406 562 1445 curn
584 1390 671 1445 misse
691 1386 730 1444 ad
752 1388 879 1445 Marium
900 1388 1046 1463 legetione
1069 1409 1097 1440 ιο

92 1490 261 1553 libertetem
282 1499 344 1551 non
364 1493 577 1568 impetrassent,
600 1493 749 1551 suffecetis
772 1494 906 1568 elisisque
930 1493 1047 1551 infanti-

93 1600 151 1659 bus
172 1605 229 1657 suis
250 1608 301 1657 aut
320 1603 427 1656 metuis
446 1598 640 1656 conciderunt
654 1599 820 1658 vulneribus
835 1609 884 1657 aut
898 1600 1015 1658 vinculi>
1030 1605 1047 1658 e
1120 1620 1123 1627 ·

94 1705 223 1763 crinibus
255 1711 313 1763 suis
341 1704 419 1762 facte
447 1705 485 1762 ab
513 1705 664 1763 arboribus
692 1704 907 1780 pependerunt.
950 1706 1047 1764 Canes

94 1828 215 1884 quoque
231 1808 392 1867 defendere
407 1809 533 1868 Cimbris
551 1816 643 1868 caesis
658 1816 760 1869 eerum
775 1811 891 1870 domes.
935 1811 1047 1869 Marius

94 1921 151 1991 pre
177 1915 292 1988 duebus
316 1915 478 1990 triumphis,
504 1923 554 1990 qui
578 1916 782 1987 offerebantur,
804 1922 864 1975 ime
890 1927 1047 1975 contentus
1069 1937 1093 1985 15

94 2021 159 2079 fuit.
211 2023 355 2078 Primeres
386 2021 517 2092 civitritis,
547 2027 598 2096 qui
628 2028 656 2079 ei
689 2021 868 2096 aliquamdiu
903 2032 935 2081 ut
968 2028 1046 2080 nove

94 2109 211 2185 homini
230 2125 269 2184 ad
293 2132 391 2184 tantbs
415 2126 543 2185 honeres
568 2131 672 2186 evecti>
696 2126 870 2200 inviderant,
891 2133 1046 2185 censerve-

94 2243 157 2291 tam
179 2232 218 2291 ab
238 2237 275 2290 ee
296 2250 359 2290 rem
379 2232 528 2307 publicam
546 2233 720 2291 fatebantur.
764 2235 800 2291 In
814 2233 878 2307 ipsi
896 2234 960 2291 acie
981 2235 1045 2291 Ma·

94 2339 154 2396 rius
179 2337 251 2395 dues
276 2338 457 2396 Camertium
485 2339 631 2409 cohortes,
653 2345 726 2396 mire
752 2338 856 2396 virtute
883 2339 943 2395 vim
966 2339 1045 2396 Cim-

95 2445 216 2502 brerum
245 2443 428 2514 sustinentes,
458 2449 561 2502 contri
594 2444 690 2519 legem
726 2445 842 2502 civitete
877 2443 1045 2502 deniverat.
1068 2467 1094 2496 20

96 2548 187 2622 Quod
207 2548 328 2623 quidem
350 2549 459 2606 facturn
481 2560 511 2606 et
531 2553 600 2607 vere
621 2559 651 2606 et
672 2550 788 2624 egregie
807 2555 911 2624 postea
928 2555 1046 2607 excisi-

94 2655 145 2726 vit,
164 2653 274 2725 dicens,
291 2654 367 2712 inter
386 2660 533 2712 armerum
556 2655 709 2728 strepitum
727 2656 816 2713 verba
837 2659 869 2712 se
890 2655 959 2712 ieris
980 2661 1046 2712 civi-

94 2761 129 2818 lis
152 2759 290 2817 exaudire
310 2765 371 2818 nen
392 2761 531 2834 potuisse.

137 2865 192 2922 ille
208 2871 384 2939 tempestete
401 2872 527 2940 primurn
546 2867 661 2923 Remae
681 2866 791 2924 bellum
811 2867 894 2923 civile
915 2871 1046 2924 comme-

95 2981 160 3029 tum
178 2979 231 3028 est.
266 2971 393 3029 Causam
411 2971 489 3029 belle
508 2970 592 3028 dedit
609 2972 700 3030 Geius
718 2971 837 3029 Marius.
873 2971 950 3029 Cum
968 2970 1047 3028 enim
1069 2992 1094 3038 ²5

95 3076 175 3134 Sulla
202 3077 304 3133 censui
329 3083 431 3134 contre
459 3076 672 3147 Mithridatem,
697 3082 797 3152 regern
826 3078 921 3147 Ponti,
945 3078 1047 3133 missus

96 3182 207 3252 fuisset,
236 3181 388 3256 Sulpicius,
417 3182 550 3241 tribernus
585 3182 688 3257 plebis,
714 3182 809 3257 legem
838 3182 881 3240 ad'
905 3182 1047 3257 populum

96 3288 171 3358 tulit,
187 3297 219 3344 ut
240 3286 335 3345 Sullae
356 3287 513 3362 imperium
535 3289 731 3362 abrogaretur,
754 3289 789 3346 C.
816 3288 912 3344 Mariti
938 3286 1046 3345 bellurn

96 3393 305 3451 decerneretur
333 3375 575 3450 Mithrideticum.
627 3393 694 3467 Que
720 3399 752 3450 re
780 3392 857 3451 Sulla
881 3397 1047 3449 commetus
