<?xml version="1.0" encoding="UTF-8"?>
<!DOCTYPE html PUBLIC "-//W3C//DTD XHTML 1.0 Transitional//EN"
    "http://www.w3.org/TR/xhtml1/DTD/xhtml1-transitional.dtd">
<html xmlns="http://www.w3.org/1999/xhtml" xml:lang="en" lang="en">
 <head>
  <title>
</title>
<meta http-equiv="Content-Type" content="text/html;charset=utf-8" />
  <meta name='ocr-system' content='tesseract 3.04.00' />
  <meta name='ocr-capabilities' content='ocr_page ocr_carea ocr_par ocr_line ocrx_word'/>
</head>
<body>
  <div class='ocr_page' id='page_1' title='image "./selectionsfromv01lhogoog_0041.png"; bbox 0 0 2378 3788; ppageno 0'>
   <div class='ocr_carea' id='block_1_1' title="bbox 144 200 880 266">
    <p class='ocr_par' dir='ltr' id='par_1_1' title="bbox 144 200 880 266">
     <span class='ocr_line' id='line_1_1' title="bbox 144 200 880 266; baseline -0.004 0"><span class='ocrx_word' id='word_1_1' title='bbox 144 206 163 266; x_wconf 93' lang='lat'>8</span> <span class='ocrx_word' id='word_1_2' title='bbox 367 201 464 264; x_wconf 83' lang='lat' dir='ltr'><em>Urbis</em></span> <span class='ocrx_word' id='word_1_3' title='bbox 485 201 612 264; x_wconf 84' lang='lat' dir='ltr'><strong>Romae</strong></span> <span class='ocrx_word' id='word_1_4' title='bbox 636 200 708 265; x_wconf 78' lang='lat' dir='ltr'><strong>Vin·</strong></span> <span class='ocrx_word' id='word_1_5' title='bbox 729 201 880 264; x_wconf 83' lang='lat' dir='ltr'><strong>Illustres</strong></span> 
     </span>
    </p>
   </div>
   <div class='ocr_carea' id='block_1_2' title="bbox 49 414 1126 3446">
    <p class='ocr_par' dir='ltr' id='par_1_2' title="bbox 49 414 1126 3446">
     <span class='ocr_line' id='line_1_2' title="bbox 143 414 1096 502; baseline 0.003 -20"><span class='ocrx_word' id='word_1_6' title='bbox 143 424 212 482; x_wconf 89' lang='lat' dir='ltr'><strong>hinc</strong></span> <span class='ocrx_word' id='word_1_7' title='bbox 233 443 302 483; x_wconf 92' lang='lat' dir='ltr'><strong>cum</strong></span> <span class='ocrx_word' id='word_1_8' title='bbox 322 414 479 502; x_wconf 72' lang='lat' dir='ltr'><strong>immatura¹</strong></span> <span class='ocrx_word' id='word_1_9' title='bbox 501 427 602 481; x_wconf 79' lang='lat' dir='ltr'><strong>amare</strong></span> <span class='ocrx_word' id='word_1_10' title='bbox 622 422 661 480; x_wconf 83' lang='lat' dir='ltr'><strong>ad</strong></span> <span class='ocrx_word' id='word_1_11' title='bbox 683 428 833 498; x_wconf 83' lang='lat' dir='ltr'><strong>spansum,</strong></span> <span class='ocrx_word' id='word_1_12' title='bbox 855 425 947 483; x_wconf 86' lang='lat' dir='ltr'><strong>oblita</strong></span> <span class='ocrx_word' id='word_1_13' title='bbox 967 426 1096 500; x_wconf 85' lang='lat' dir='ltr'><strong>fratrum,</strong></span> 
     </span>
     <span class='ocr_line' id='line_1_3' title="bbox 143 529 1097 607; baseline 0.002 -18"><span class='ocrx_word' id='word_1_14' title='bbox 143 531 234 589; x_wconf 88' lang='lat' dir='ltr'><strong>oblita</strong></span> <span class='ocrx_word' id='word_1_15' title='bbox 261 529 383 606; x_wconf 87' lang='lat' dir='ltr'><strong>patriae.</strong></span> <span class='ocrx_word' id='word_1_16' title='bbox 433 529 480 586; x_wconf 90' lang='lat' dir='ltr'><strong>Sic</strong></span> <span class='ocrx_word' id='word_1_17' title='bbox 508 536 565 599; x_wconf 91' lang='lat' dir='ltr'><strong>eat,</strong></span> <span class='ocrx_word' id='word_1_18' title='bbox 588 545 794 604; x_wconf 88' lang='lat' dir='ltr'><strong>quaecumque</strong></span> <span class='ocrx_word' id='word_1_19' title='bbox 822 531 959 589; x_wconf 80' lang='lat' dir='ltr'><strong>Ramana</strong></span> <span class='ocrx_word' id='word_1_20' title='bbox 986 532 1097 607; x_wconf 70' lang='lat' dir='ltr'><strong>ligabit</strong></span> 
     </span>
     <span class='ocr_line' id='line_1_4' title="bbox 143 636 288 695; baseline -0.007 -1"><span class='ocrx_word' id='word_1_21' title='bbox 143 636 288 695; x_wconf 88' lang='lat' dir='ltr'><strong>hostem.&#39;&#39;</strong></span> 
     </span>
     <span class='ocr_line' id='line_1_5' title="bbox 182 739 1097 818; baseline 0.003 -19"><span class='ocrx_word' id='word_1_22' title='bbox 182 744 275 799; x_wconf 77' lang='lat' dir='ltr'><strong>Atrax</strong></span> <span class='ocrx_word' id='word_1_23' title='bbox 295 741 326 800; x_wconf 89' lang='lat' dir='ltr'><strong>id</strong></span> <span class='ocrx_word' id='word_1_24' title='bbox 345 746 439 798; x_wconf 85' lang='lat' dir='ltr'><strong>visum</strong></span> <span class='ocrx_word' id='word_1_25' title='bbox 459 750 503 798; x_wconf 88' lang='lat' dir='ltr'><strong>est</strong></span> <span class='ocrx_word' id='word_1_26' title='bbox 523 739 635 798; x_wconf 87' lang='lat' dir='ltr'><strong>facinus</strong></span> <span class='ocrx_word' id='word_1_27' title='bbox 657 740 788 815; x_wconf 90' lang='lat' dir='ltr'><strong>patribus</strong></span> <span class='ocrx_word' id='word_1_28' title='bbox 809 741 948 817; x_wconf 79' lang='lat' dir='ltr'><strong>plabique</strong></span> <span class='ocrx_word' id='word_1_29' title='bbox 958 764 968 816; x_wconf 79' lang='lat'><em>3</em></span> <span class='ocrx_word' id='word_1_30' title='bbox 990 749 1097 818; x_wconf 79' lang='lat' dir='ltr'><strong>quara</strong></span> 
     </span>
     <span class='ocr_line' id='line_1_6' title="bbox 108 845 1097 923; baseline 0.002 -18"><span class='ocrx_word' id='word_1_31' title='bbox 108 873 123 921; x_wconf 72' lang='grc' dir='ltr'><strong>ς·</strong></span> <span class='ocrx_word' id='word_1_32' title='bbox 142 858 241 923; x_wconf 91' lang='lat' dir='ltr'><strong>raptus</strong></span> <span class='ocrx_word' id='word_1_33' title='bbox 257 856 301 905; x_wconf 92' lang='lat' dir='ltr'><strong>est</strong></span> <span class='ocrx_word' id='word_1_34' title='bbox 317 846 345 903; x_wconf 90' lang='lat' dir='ltr'><strong>in</strong></span> <span class='ocrx_word' id='word_1_35' title='bbox 360 846 404 905; x_wconf 79' lang='lat' dir='ltr'><strong>itis</strong></span> <span class='ocrx_word' id='word_1_36' title='bbox 423 846 564 903; x_wconf 89' lang='lat' dir='ltr'><strong>Horatius</strong></span> <span class='ocrx_word' id='word_1_37' title='bbox 584 855 614 903; x_wconf 96' lang='lat' dir='ltr'><strong>et</strong></span> <span class='ocrx_word' id='word_1_38' title='bbox 636 845 716 920; x_wconf 86' lang='lat' dir='ltr'><strong>apud</strong></span> <span class='ocrx_word' id='word_1_39' title='bbox 737 846 849 905; x_wconf 73' lang='lat' dir='ltr'><strong>iadices</strong></span> <span class='ocrx_word' id='word_1_40' title='bbox 870 848 1097 908; x_wconf 87' lang='lat' dir='ltr'><strong>condemnatus.</strong></span> 
     </span>
     <span class='ocr_line' id='line_1_7' title="bbox 142 950 1096 1025; baseline 0.002 -14"><span class='ocrx_word' id='word_1_41' title='bbox 142 956 207 1011; x_wconf 89' lang='lat' dir='ltr'><strong>Iam</strong></span> <span class='ocrx_word' id='word_1_42' title='bbox 222 962 386 1010; x_wconf 85' lang='lat' dir='ltr'><strong>accesserat</strong></span> <span class='ocrx_word' id='word_1_43' title='bbox 400 951 485 1009; x_wconf 89' lang='lat' dir='ltr'>lictor</span> <span class='ocrx_word' id='word_1_44' title='bbox 499 950 698 1025; x_wconf 71' lang='lat' dir='ltr'><strong>iniciabatque</strong></span> <span class='ocrx_word' id='word_1_45' title='bbox 714 950 859 1025; x_wconf 85' lang='lat' dir='ltr'><strong>laqueum.</strong></span> <span class='ocrx_word' id='word_1_46' title='bbox 902 954 980 1012; x_wconf 90' lang='lat' dir='ltr'><strong>Tum</strong></span> <span class='ocrx_word' id='word_1_47' title='bbox 999 957 1096 1013; x_wconf 90' lang='lat' dir='ltr'><strong>Hora-</strong></span> 
     </span>
     <span class='ocr_line' id='line_1_8' title="bbox 142 1052 1097 1139; baseline 0.004 -22"><span class='ocrx_word' id='word_1_48' title='bbox 142 1060 198 1118; x_wconf 92' lang='lat' dir='ltr'><strong>tius</strong></span> <span class='ocrx_word' id='word_1_49' title='bbox 213 1059 252 1117; x_wconf 89' lang='lat' dir='ltr'><strong>ad</strong></span> <span class='ocrx_word' id='word_1_50' title='bbox 266 1058 409 1133; x_wconf 92' lang='lat' dir='ltr'><strong>populum</strong></span> <span class='ocrx_word' id='word_1_51' title='bbox 424 1052 603 1139; x_wconf 66' lang='lat' dir='ltr'><strong>pravocavi‘t</strong></span> <span class='ocrx_word' id='word_1_52' title='bbox 641 1058 760 1114; x_wconf 89' lang='lat' dir='ltr'><strong>Interea</strong></span> <span class='ocrx_word' id='word_1_53' title='bbox 775 1068 859 1132; x_wconf 88' lang='lat' dir='ltr'><strong>pater</strong></span> <span class='ocrx_word' id='word_1_54' title='bbox 874 1060 992 1118; x_wconf 89' lang='lat' dir='ltr'><strong>Horatii</strong></span> <span class='ocrx_word' id='word_1_55' title='bbox 1006 1081 1097 1121; x_wconf 85' lang='lat' dir='ltr'><strong>senex</strong></span> 
     </span>
     <span class='ocr_line' id='line_1_9' title="bbox 141 1163 1096 1242; baseline 0.004 -19"><span class='ocrx_word' id='word_1_56' title='bbox 141 1165 352 1242; x_wconf 80' lang='lat' dir='ltr'><strong>praclamabat,</strong></span> <span class='ocrx_word' id='word_1_57' title='bbox 368 1163 461 1221; x_wconf 74' lang='lat' dir='ltr'><strong>filiam</strong></span> <span class='ocrx_word' id='word_1_58' title='bbox 479 1181 561 1221; x_wconf 90' lang='lat' dir='ltr'><strong>suam</strong></span> <span class='ocrx_word' id='word_1_59' title='bbox 583 1163 644 1220; x_wconf 83' lang='lat' dir='ltr'><strong>iare</strong></span> <span class='ocrx_word' id='word_1_60' title='bbox 666 1181 783 1220; x_wconf 88' lang='lat' dir='ltr'><strong>caesam</strong></span> <span class='ocrx_word' id='word_1_61' title='bbox 805 1183 869 1223; x_wconf 89' lang='lat' dir='ltr'><strong>esse</strong></span> <span class='ocrx_word' id='word_1_62' title='bbox 880 1186 888 1238; x_wconf 89' lang='lat'>;</span> <span class='ocrx_word' id='word_1_63' title='bbox 910 1176 941 1224; x_wconf 93' lang='lat' dir='ltr'><strong>et</strong></span> <span class='ocrx_word' id='word_1_64' title='bbox 960 1167 1096 1227; x_wconf 88' lang='lat' dir='ltr'><strong>iuvenem</strong></span> 
     </span>
     <span class='ocr_line' id='line_1_10' title="bbox 142 1256 1126 1359; baseline 0.003 -28"><span class='ocrx_word' id='word_1_65' title='bbox 142 1271 461 1357; x_wconf 76' lang='lat' dir='ltr'><strong>amplexusspoliaque</strong></span> <span class='ocrx_word' id='word_1_66' title='bbox 483 1269 680 1328; x_wconf 76' lang='lat' dir='ltr'><strong>Cariatiarum</strong></span> <span class='ocrx_word' id='word_1_67' title='bbox 703 1256 863 1345; x_wconf 77' lang='lat' dir='ltr'><strong>ostentans,</strong></span> <span class='ocrx_word' id='word_1_68' title='bbox 878 1275 989 1359; x_wconf 77' lang='lat' dir='ltr'><strong>arabat·</strong></span> <span class='ocrx_word' id='word_1_69' title='bbox 1001 1292 1096 1350; x_wconf 91' lang='lat' dir='ltr'><strong>popu·</strong></span> <span class='ocrx_word' id='word_1_70' title='bbox 1124 1288 1126 1293; x_wconf 69' lang='grc'><em>“</em></span> 
     </span>
     <span class='ocr_line' id='line_1_11' title="bbox 95 1378 1096 1456; baseline 0.006 -23"><span class='ocrx_word' id='word_1_71' title='bbox 95 1401 121 1434; x_wconf 81' lang='grc' dir='ltr'><strong>ιο</strong></span> <span class='ocrx_word' id='word_1_72' title='bbox 141 1379 212 1451; x_wconf 90' lang='lat' dir='ltr'><strong>lum,</strong></span> <span class='ocrx_word' id='word_1_73' title='bbox 226 1383 265 1437; x_wconf 80' lang='lat' dir='ltr'><strong>na</strong></span> <span class='ocrx_word' id='word_1_74' title='bbox 279 1383 320 1451; x_wconf 84' lang='lat' dir='ltr'><strong>sa,</strong></span> <span class='ocrx_word' id='word_1_75' title='bbox 334 1396 424 1453; x_wconf 90' lang='lat' dir='ltr'><strong>quem</strong></span> <span class='ocrx_word' id='word_1_76' title='bbox 438 1378 527 1453; x_wconf 81' lang='lat' dir='ltr'><strong>paula</strong></span> <span class='ocrx_word' id='word_1_77' title='bbox 541 1387 609 1435; x_wconf 88' lang='lat' dir='ltr'><strong>ante</strong></span> <span class='ocrx_word' id='word_1_78' title='bbox 625 1395 693 1434; x_wconf 86' lang='lat' dir='ltr'><strong>cum</strong></span> <span class='ocrx_word' id='word_1_79' title='bbox 710 1379 826 1453; x_wconf 70' lang='lat' dir='ltr'><strong>egregia</strong></span> <span class='ocrx_word' id='word_1_80' title='bbox 840 1379 931 1454; x_wconf 88' lang='lat' dir='ltr'><strong>stirpe</strong></span> <span class='ocrx_word' id='word_1_81' title='bbox 950 1384 1096 1456; x_wconf 79' lang='lat' dir='ltr'><strong>canspax·</strong></span> 
     </span>
     <span class='ocr_line' id='line_1_12' title="bbox 141 1476 1097 1561; baseline 0.002 -18"><span class='ocrx_word' id='word_1_82' title='bbox 141 1486 241 1557; x_wconf 85' lang='lat' dir='ltr'><strong>issent,</strong></span> <span class='ocrx_word' id='word_1_83' title='bbox 267 1476 371 1544; x_wconf 80' lang='lat' dir='ltr'><strong>orbum</strong></span> <span class='ocrx_word' id='word_1_84' title='bbox 395 1485 490 1543; x_wconf 89' lang='lat' dir='ltr'><strong>liberis</strong></span> <span class='ocrx_word' id='word_1_85' title='bbox 513 1485 632 1542; x_wconf 84' lang='lat' dir='ltr'><strong>faceret.</strong></span> <span class='ocrx_word' id='word_1_86' title='bbox 676 1485 746 1542; x_wconf 75' lang='lat' dir='ltr'><strong>Nan</strong></span> <span class='ocrx_word' id='word_1_87' title='bbox 770 1485 834 1542; x_wconf 90' lang='lat' dir='ltr'><strong>tulit</strong></span> <span class='ocrx_word' id='word_1_88' title='bbox 857 1486 982 1560; x_wconf 91' lang='lat' dir='ltr'><strong>populus</strong></span> <span class='ocrx_word' id='word_1_89' title='bbox 1005 1485 1097 1561; x_wconf 86' lang='lat' dir='ltr'><strong>patris</strong></span> 
     </span>
     <span class='ocr_line' id='line_1_13' title="bbox 141 1589 1096 1666; baseline 0.002 -18"><span class='ocrx_word' id='word_1_90' title='bbox 141 1591 276 1650; x_wconf 76' lang='lat' dir='ltr'><strong>lacrimas</strong></span> <span class='ocrx_word' id='word_1_91' title='bbox 290 1591 485 1666; x_wconf 90' lang='lat' dir='ltr'><strong>iuvenemque</strong></span> <span class='ocrx_word' id='word_1_92' title='bbox 508 1591 631 1649; x_wconf 87' lang='lat' dir='ltr'><strong>absolvit</strong></span> <span class='ocrx_word' id='word_1_93' title='bbox 653 1589 848 1649; x_wconf 81' lang='lat' dir='ltr'><strong>admiratiane</strong></span> <span class='ocrx_word' id='word_1_94' title='bbox 870 1591 962 1666; x_wconf 86' lang='lat' dir='ltr'><strong>magis</strong></span> <span class='ocrx_word' id='word_1_95' title='bbox 983 1591 1096 1650; x_wconf 79' lang='lat' dir='ltr'><strong>vittatis</strong></span> 
     </span>
     <span class='ocr_line' id='line_1_14' title="bbox 130 1680 1094 1776; baseline 0.001 -21.971"><span class='ocrx_word' id='word_1_96' title='bbox 115 1714 231 1772; x_wconf 30' lang='lat' dir='ltr'><strong>“qnam</strong></span> <span class='ocrx_word' id='word_1_97' title='bbox 246 1698 306 1756; x_wconf 82' lang='lat' dir='ltr'><strong>iare</strong></span> <span class='ocrx_word' id='word_1_98' title='bbox 321 1715 436 1755; x_wconf 86' lang='lat' dir='ltr'><strong>causae.</strong></span> <span class='ocrx_word' id='word_1_99' title='bbox 478 1698 520 1756; x_wconf 93' lang='lat' dir='ltr'><strong>Ut</strong></span> <span class='ocrx_word' id='word_1_100' title='bbox 535 1706 635 1754; x_wconf 90' lang='lat' dir='ltr'><strong>tamen</strong></span> <span class='ocrx_word' id='word_1_101' title='bbox 658 1696 767 1754; x_wconf 75' lang='lat' dir='ltr'><strong>caedas</strong></span> <span class='ocrx_word' id='word_1_102' title='bbox 788 1680 943 1776; x_wconf 65' lang='lat' dir='ltr'><strong>manifesta</strong></span> <span class='ocrx_word' id='word_1_103' title='bbox 963 1697 1094 1772; x_wconf 77' lang='lat' dir='ltr'><strong>expiare-</strong></span> 
     </span>
     <span class='ocr_line' id='line_1_15' title="bbox 80 1802 1096 1878; baseline 0 -18"><span class='ocrx_word' id='word_1_104' title='bbox 80 1858 81 1865; x_wconf 71' lang='grc'>,</span> <span class='ocrx_word' id='word_1_105' title='bbox 141 1811 197 1874; x_wconf 81' lang='lat' dir='ltr'><strong>tur,</strong></span> <span class='ocrx_word' id='word_1_106' title='bbox 221 1812 307 1878; x_wconf 88' lang='lat' dir='ltr'><strong>pater</strong></span> <span class='ocrx_word' id='word_1_107' title='bbox 330 1803 507 1878; x_wconf 88' lang='lat' dir='ltr'><strong>quibusdam</strong></span> <span class='ocrx_word' id='word_1_108' title='bbox 531 1803 681 1860; x_wconf 84' lang='lat' dir='ltr'><strong>sacrificiis</strong></span> <span class='ocrx_word' id='word_1_109' title='bbox 707 1808 831 1877; x_wconf 75' lang='lat' dir='ltr'><strong>peractis</strong></span> <span class='ocrx_word' id='word_1_110' title='bbox 860 1802 1017 1867; x_wconf 84' lang='lat' dir='ltr'><strong>transmisit</strong></span> <span class='ocrx_word' id='word_1_111' title='bbox 1042 1806 1096 1877; x_wconf 81' lang='lat' dir='ltr'><strong>p&#39;er</strong></span> 
     </span>
     <span class='ocr_line' id='line_1_16' title="bbox 93 1888 1095 1984; baseline 0.004 -22"><span class='ocrx_word' id='word_1_112' title='bbox 93 1929 118 1977; x_wconf 73' lang='grc' dir='ltr'><strong>ις</strong></span> <span class='ocrx_word' id='word_1_113' title='bbox 140 1908 219 1966; x_wconf 92' lang='lat' dir='ltr'><strong>viam</strong></span> <span class='ocrx_word' id='word_1_114' title='bbox 233 1908 357 1984; x_wconf 88' lang='lat' dir='ltr'><strong>tigillum</strong></span> <span class='ocrx_word' id='word_1_115' title='bbox 371 1919 402 1966; x_wconf 90' lang='lat' dir='ltr'><strong>et</strong></span> <span class='ocrx_word' id='word_1_116' title='bbox 418 1909 511 1966; x_wconf 80' lang='lat' dir='ltr'><strong>lilium</strong></span> <span class='ocrx_word' id='word_1_117' title='bbox 532 1908 630 1982; x_wconf 88' lang='lat' dir='ltr'><strong>capite</strong></span> <span class='ocrx_word' id='word_1_118' title='bbox 653 1888 798 1983; x_wconf 81' lang='lat' dir='ltr'><strong>adoperta</strong></span> <span class='ocrx_word' id='word_1_119' title='bbox 818 1907 897 1965; x_wconf 88' lang='lat' dir='ltr'><strong>velut</strong></span> <span class='ocrx_word' id='word_1_120' title='bbox 918 1907 974 1965; x_wconf 91' lang='lat' dir='ltr'><strong>sub</strong></span> <span class='ocrx_word' id='word_1_121' title='bbox 994 1907 1095 1982; x_wconf 87' lang='lat' dir='ltr'><strong>iugum</strong></span> 
     </span>
     <span class='ocr_line' id='line_1_17' title="bbox 70 2013 898 2090; baseline -0.001 -18"><span class='ocrx_word' id='word_1_122' title='bbox 70 2036 74 2089; x_wconf 65' lang='lat' dir='ltr'>j</span> <span class='ocrx_word' id='word_1_123' title='bbox 141 2015 237 2087; x_wconf 91' lang='lat' dir='ltr'><strong>misit;</strong></span> <span class='ocrx_word' id='word_1_124' title='bbox 259 2015 341 2090; x_wconf 92' lang='lat' dir='ltr'><strong>quod</strong></span> <span class='ocrx_word' id='word_1_125' title='bbox 355 2015 476 2089; x_wconf 86' lang='lat' dir='ltr'><strong>tigillum</strong></span> <span class='ocrx_word' id='word_1_126' title='bbox 492 2014 635 2072; x_wconf 77' lang='lat' dir='ltr'><strong>sorarium</strong></span> <span class='ocrx_word' id='word_1_127' title='bbox 650 2013 829 2089; x_wconf 85' lang='lat' dir='ltr'><strong>appellatum</strong></span> <span class='ocrx_word' id='word_1_128' title='bbox 844 2023 898 2071; x_wconf 89' lang='lat' dir='ltr'><strong>est.</strong></span> 
     </span>
     <span class='ocr_line' id='line_1_18' title="bbox 71 2118 1094 2196; baseline -0.001 -18"><span class='ocrx_word' id='word_1_129' title='bbox 71 2118 82 2196; x_wconf 41' lang='lat' dir='ltr'>g</span> <span class='ocrx_word' id='word_1_130' title='bbox 181 2121 252 2178; x_wconf 76' lang='lat' dir='ltr'><strong>Nan</strong></span> <span class='ocrx_word' id='word_1_131' title='bbox 272 2120 323 2178; x_wconf 79' lang='lat' dir='ltr'><strong>diii</strong></span> <span class='ocrx_word' id='word_1_132' title='bbox 345 2126 402 2194; x_wconf 86' lang='lat' dir='ltr'><strong>pax</strong></span> <span class='ocrx_word' id='word_1_133' title='bbox 423 2120 537 2180; x_wconf 89' lang='lat' dir='ltr'><strong>Albana</strong></span> <span class='ocrx_word' id='word_1_134' title='bbox 558 2121 663 2177; x_wconf 90' lang='lat' dir='ltr'><strong>mansit</strong></span> <span class='ocrx_word' id='word_1_135' title='bbox 674 2140 683 2192; x_wconf 89' lang='lat'>;</span> <span class='ocrx_word' id='word_1_136' title='bbox 712 2137 780 2177; x_wconf 88' lang='lat' dir='ltr'><strong>nam</strong></span> <span class='ocrx_word' id='word_1_137' title='bbox 807 2119 929 2177; x_wconf 93' lang='lat' dir='ltr'><strong>Mettius</strong></span> <span class='ocrx_word' id='word_1_138' title='bbox 952 2119 1094 2193; x_wconf 76' lang='lat' dir='ltr'><strong>Fufetius,</strong></span> 
     </span>
     <span class='ocr_line' id='line_1_19' title="bbox 80 2224 1093 2300; baseline -0.001 -16"><span class='ocrx_word' id='word_1_139' title='bbox 80 2244 83 2297; x_wconf 40' lang='lat'><strong>&#39;2</strong></span> <span class='ocrx_word' id='word_1_140' title='bbox 140 2225 201 2284; x_wconf 89' lang='lat' dir='ltr'><strong>dux</strong></span> <span class='ocrx_word' id='word_1_141' title='bbox 221 2225 410 2297; x_wconf 81' lang='lat' dir='ltr'><strong>Albanarum,</strong></span> <span class='ocrx_word' id='word_1_142' title='bbox 429 2245 497 2284; x_wconf 91' lang='lat' dir='ltr'><strong>cum</strong></span> <span class='ocrx_word' id='word_1_143' title='bbox 519 2230 551 2285; x_wconf 74' lang='lat' dir='ltr'><strong>sa</strong></span> <span class='ocrx_word' id='word_1_144' title='bbox 572 2225 748 2284; x_wconf 81' lang='lat' dir='ltr'><strong>invidiasum</strong></span> <span class='ocrx_word' id='word_1_145' title='bbox 771 2225 850 2300; x_wconf 83' lang='lat' dir='ltr'><strong>apud</strong></span> <span class='ocrx_word' id='word_1_146' title='bbox 871 2229 950 2282; x_wconf 75' lang='lat' dir='ltr'><strong>cives</strong></span> <span class='ocrx_word' id='word_1_147' title='bbox 970 2224 1093 2298; x_wconf 79' lang='lat' dir='ltr'><strong>videret,</strong></span> 
     </span>
     <span class='ocr_line' id='line_1_20' title="bbox 140 2330 1093 2407; baseline -0.001 -18.058"><span class='ocrx_word' id='word_1_148' title='bbox 140 2331 222 2406; x_wconf 92' lang='lat' dir='ltr'><strong>quod</strong></span> <span class='ocrx_word' id='word_1_149' title='bbox 243 2331 353 2390; x_wconf 91' lang='lat' dir='ltr'><strong>bellum</strong></span> <span class='ocrx_word' id='word_1_150' title='bbox 374 2337 433 2391; x_wconf 73' lang='lat' dir='ltr'><strong>tini)</strong></span> <span class='ocrx_word' id='word_1_151' title='bbox 454 2337 615 2407; x_wconf 81' lang='lat' dir='ltr'><strong>paucarum</strong></span> <span class='ocrx_word' id='word_1_152' title='bbox 637 2332 798 2389; x_wconf 87' lang='lat' dir='ltr'><strong>certamine</strong></span> <span class='ocrx_word' id='word_1_153' title='bbox 828 2330 948 2403; x_wconf 79' lang='lat' dir='ltr'><strong>finisset,</strong></span> <span class='ocrx_word' id='word_1_154' title='bbox 971 2339 1002 2388; x_wconf 92' lang='lat' dir='ltr'><strong>ut</strong></span> <span class='ocrx_word' id='word_1_155' title='bbox 1029 2349 1093 2388; x_wconf 90' lang='lat' dir='ltr'><strong>rem</strong></span> 
     </span>
     <span class='ocr_line' id='line_1_21' title="bbox 91 2435 1093 2512; baseline 0.004 -21"><span class='ocrx_word' id='word_1_156' title='bbox 91 2459 120 2492; x_wconf 64' lang='grc' dir='ltr'><strong>ιο</strong></span> <span class='ocrx_word' id='word_1_157' title='bbox 140 2437 308 2512; x_wconf 87' lang='lat' dir='ltr'><strong>corrigeret,</strong></span> <span class='ocrx_word' id='word_1_158' title='bbox 336 2437 476 2495; x_wconf 76' lang='lat' dir='ltr'><strong>Veientas</strong></span> <span class='ocrx_word' id='word_1_159' title='bbox 512 2438 728 2512; x_wconf 73' lang='lat' dir='ltr'><strong>Fidenatasque</strong></span> <span class='ocrx_word' id='word_1_160' title='bbox 764 2435 904 2494; x_wconf 88' lang='lat' dir='ltr'><strong>adversus</strong></span> <span class='ocrx_word' id='word_1_161' title='bbox 940 2437 1093 2495; x_wconf 80' lang='lat' dir='ltr'><strong>Ramanas</strong></span> 
     </span>
     <span class='ocr_line' id='line_1_22' title="bbox 139 2541 1093 2617; baseline 0.001 -18"><span class='ocrx_word' id='word_1_162' title='bbox 139 2543 306 2613; x_wconf 76' lang='lat' dir='ltr'><strong>concitavit.</strong></span> <span class='ocrx_word' id='word_1_163' title='bbox 349 2542 427 2617; x_wconf 87' lang='lat' dir='ltr'><strong>Ipse,</strong></span> <span class='ocrx_word' id='word_1_164' title='bbox 443 2549 460 2600; x_wconf 91' lang='lat' dir='ltr'><strong>a</strong></span> <span class='ocrx_word' id='word_1_165' title='bbox 473 2544 560 2602; x_wconf 79' lang='lat' dir='ltr'><strong>Tulla</strong></span> <span class='ocrx_word' id='word_1_166' title='bbox 575 2543 605 2600; x_wconf 94' lang='lat' dir='ltr'><strong>in</strong></span> <span class='ocrx_word' id='word_1_167' title='bbox 619 2543 758 2600; x_wconf 89' lang='lat' dir='ltr'><strong>auxilium</strong></span> <span class='ocrx_word' id='word_1_168' title='bbox 774 2548 937 2613; x_wconf 64' lang='lat' dir='ltr'><strong>arcessitus</strong></span> <span class='ocrx_word' id='word_1_169' title='bbox 951 2541 1047 2599; x_wconf 87' lang='lat' dir='ltr'><strong>aciem</strong></span> <span class='ocrx_word' id='word_1_170' title='bbox 1062 2541 1093 2600; x_wconf 90' lang='lat' dir='ltr'><strong>in</strong></span> 
     </span>
     <span class='ocr_line' id='line_1_23' title="bbox 108 2648 1092 2726; baseline 0 -21"><span class='ocrx_word' id='word_1_171' title='bbox 108 2661 113 2671; x_wconf 89' lang='lat'><em>·</em></span> <span class='ocrx_word' id='word_1_172' title='bbox 139 2648 246 2726; x_wconf 85' lang='lat' dir='ltr'><strong>collem</strong></span> <span class='ocrx_word' id='word_1_173' title='bbox 260 2648 407 2720; x_wconf 82' lang='lat' dir='ltr'><strong>subdrixit,</strong></span> <span class='ocrx_word' id='word_1_174' title='bbox 423 2658 455 2706; x_wconf 94' lang='lat' dir='ltr'><strong>ut</strong></span> <span class='ocrx_word' id='word_1_175' title='bbox 468 2648 619 2706; x_wconf 81' lang='lat' dir='ltr'><strong>fortanam</strong></span> <span class='ocrx_word' id='word_1_176' title='bbox 640 2648 709 2707; x_wconf 93' lang='lat' dir='ltr'><strong>belli</strong></span> <span class='ocrx_word' id='word_1_177' title='bbox 730 2653 915 2722; x_wconf 81' lang='lat' dir='ltr'><strong>exspectaret</strong></span> <span class='ocrx_word' id='word_1_178' title='bbox 936 2656 966 2704; x_wconf 90' lang='lat' dir='ltr'><strong>et</strong></span> <span class='ocrx_word' id='word_1_179' title='bbox 987 2664 1092 2721; x_wconf 90' lang='lat' dir='ltr'><strong>seque·</strong></span> 
     </span>
     <span class='ocr_line' id='line_1_24' title="bbox 138 2751 1092 2828; baseline 0 -18"><span class='ocrx_word' id='word_1_180' title='bbox 138 2757 224 2811; x_wconf 80' lang='lat' dir='ltr'><strong>ratur.</strong></span> <span class='ocrx_word' id='word_1_181' title='bbox 268 2754 336 2826; x_wconf 90' lang='lat' dir='ltr'><strong>Qua</strong></span> <span class='ocrx_word' id='word_1_182' title='bbox 349 2759 380 2812; x_wconf 79' lang='lat' dir='ltr'><strong>ra</strong></span> <span class='ocrx_word' id='word_1_183' title='bbox 394 2754 495 2812; x_wconf 91' lang='lat' dir='ltr'><strong>Tullus</strong></span> <span class='ocrx_word' id='word_1_184' title='bbox 510 2754 660 2812; x_wconf 86' lang='lat' dir='ltr'><strong>intell&#39;e&#39;cta</strong></span> <span class='ocrx_word' id='word_1_185' title='bbox 674 2758 780 2828; x_wconf 86' lang='lat' dir='ltr'><strong>magna</strong></span> <span class='ocrx_word' id='word_1_186' title='bbox 794 2758 868 2811; x_wconf 80' lang='lat' dir='ltr'><strong>vace</strong></span> <span class='ocrx_word' id='word_1_187' title='bbox 883 2752 932 2824; x_wconf 91' lang='lat' dir='ltr'><strong>ait,</strong></span> <span class='ocrx_word' id='word_1_188' title='bbox 946 2757 1000 2810; x_wconf 82' lang='lat' dir='ltr'><strong>sua</strong></span> <span class='ocrx_word' id='word_1_189' title='bbox 1019 2751 1092 2810; x_wconf 92' lang='lat' dir='ltr'><strong>illud</strong></span> 
     </span>
     <span class='ocr_line' id='line_1_25' title="bbox 138 2858 1090 2933; baseline 0.001 -18"><span class='ocrx_word' id='word_1_190' title='bbox 138 2858 218 2917; x_wconf 79' lang='lat' dir='ltr'><strong>iussa</strong></span> <span class='ocrx_word' id='word_1_191' title='bbox 235 2860 374 2917; x_wconf 86' lang='lat' dir='ltr'><strong>Mettium</strong></span> <span class='ocrx_word' id='word_1_192' title='bbox 393 2861 499 2931; x_wconf 86' lang='lat' dir='ltr'><strong>facere,</strong></span> <span class='ocrx_word' id='word_1_193' title='bbox 515 2868 547 2916; x_wconf 90' lang='lat' dir='ltr'><strong>ut</strong></span> <span class='ocrx_word' id='word_1_194' title='bbox 561 2858 661 2917; x_wconf 71' lang='lat' dir='ltr'><strong>hostas</strong></span> <span class='ocrx_word' id='word_1_195' title='bbox 675 2864 693 2916; x_wconf 90' lang='lat' dir='ltr'><strong>a</strong></span> <span class='ocrx_word' id='word_1_196' title='bbox 706 2863 788 2933; x_wconf 77' lang='lat' dir='ltr'><strong>terga</strong></span> <span class='ocrx_word' id='word_1_197' title='bbox 804 2858 1090 2916; x_wconf 89' lang='lat' dir='ltr'><strong>circumvenirentur.</strong></span> 
     </span>
     <span class='ocr_line' id='line_1_26' title="bbox 89 2963 1090 3038; baseline 0 -18"><span class='ocrx_word' id='word_1_198' title='bbox 89 2986 116 3034; x_wconf 65' lang='grc' dir='ltr'><strong>ις</strong></span> <span class='ocrx_word' id='word_1_199' title='bbox 139 2964 208 3038; x_wconf 79' lang='lat' dir='ltr'><strong>Qua</strong></span> <span class='ocrx_word' id='word_1_200' title='bbox 223 2964 324 3022; x_wconf 82' lang='lat' dir='ltr'><strong>audita</strong></span> <span class='ocrx_word' id='word_1_201' title='bbox 339 2964 439 3023; x_wconf 74' lang='lat' dir='ltr'><strong>hostes</strong></span> <span class='ocrx_word' id='word_1_202' title='bbox 453 2965 545 3023; x_wconf 90' lang='lat' dir='ltr'><strong>territi</strong></span> <span class='ocrx_word' id='word_1_203' title='bbox 559 2973 590 3022; x_wconf 90' lang='lat' dir='ltr'><strong>et</strong></span> <span class='ocrx_word' id='word_1_204' title='bbox 604 2967 674 3021; x_wconf 87' lang='lat' dir='ltr'><strong>victi</strong></span> <span class='ocrx_word' id='word_1_205' title='bbox 687 2972 763 3021; x_wconf 88' lang='lat' dir='ltr'><strong>sunt.</strong></span> <span class='ocrx_word' id='word_1_206' title='bbox 806 2964 928 3021; x_wconf 77' lang='lat' dir='ltr'><strong>Postera</strong></span> <span class='ocrx_word' id='word_1_207' title='bbox 942 2963 992 3021; x_wconf 76' lang='lat' dir='ltr'><strong>dia</strong></span> <span class='ocrx_word' id='word_1_208' title='bbox 1012 2965 1090 3021; x_wconf 92' lang='lat' dir='ltr'><strong>Met·</strong></span> 
     </span>
     <span class='ocr_line' id='line_1_27' title="bbox 137 3068 1089 3144; baseline -0.002 -17"><span class='ocrx_word' id='word_1_209' title='bbox 137 3070 195 3128; x_wconf 90' lang='lat' dir='ltr'><strong>tius</strong></span> <span class='ocrx_word' id='word_1_210' title='bbox 209 3087 278 3127; x_wconf 89' lang='lat' dir='ltr'><strong>cum</strong></span> <span class='ocrx_word' id='word_1_211' title='bbox 293 3069 331 3127; x_wconf 86' lang='lat' dir='ltr'><strong>ad</strong></span> <span class='ocrx_word' id='word_1_212' title='bbox 346 3069 551 3144; x_wconf 85' lang='lat' dir='ltr'><strong>gratulandum</strong></span> <span class='ocrx_word' id='word_1_213' title='bbox 566 3068 652 3126; x_wconf 83' lang='lat' dir='ltr'><strong>Tulla</strong></span> <span class='ocrx_word' id='word_1_214' title='bbox 670 3068 807 3138; x_wconf 71' lang='lat' dir='ltr'><strong>venisset,</strong></span> <span class='ocrx_word' id='word_1_215' title='bbox 823 3068 902 3126; x_wconf 75' lang='lat' dir='ltr'><strong>iussit</strong></span> <span class='ocrx_word' id='word_1_216' title='bbox 923 3068 997 3126; x_wconf 94' lang='lat' dir='ltr'><strong>illius</strong></span> <span class='ocrx_word' id='word_1_217' title='bbox 1018 3086 1089 3143; x_wconf 87' lang='lat' dir='ltr'><strong>qua-</strong></span> 
     </span>
     <span class='ocr_line' id='line_1_28' title="bbox 49 3172 1090 3259; baseline -0.001 -27"><span class='ocrx_word' id='word_1_218' title='bbox 49 3254 51 3259; x_wconf 28' lang='grc' dir='ltr'>Ι</span> <span class='ocrx_word' id='word_1_219' title='bbox 138 3172 225 3249; x_wconf 85' lang='lat' dir='ltr'><strong>drigis</strong></span> <span class='ocrx_word' id='word_1_220' title='bbox 254 3175 389 3250; x_wconf 86' lang='lat' dir='ltr'><strong>religatus</strong></span> <span class='ocrx_word' id='word_1_221' title='bbox 417 3185 447 3233; x_wconf 92' lang='lat' dir='ltr'><strong>et</strong></span> <span class='ocrx_word' id='word_1_222' title='bbox 474 3175 505 3232; x_wconf 91' lang='lat' dir='ltr'><strong>in</strong></span> <span class='ocrx_word' id='word_1_223' title='bbox 532 3175 646 3232; x_wconf 89' lang='lat' dir='ltr'><strong>diversa</strong></span> <span class='ocrx_word' id='word_1_224' title='bbox 675 3172 831 3230; x_wconf 91' lang='lat' dir='ltr'><strong>distractus</strong></span> <span class='ocrx_word' id='word_1_225' title='bbox 861 3183 914 3231; x_wconf 91' lang='lat' dir='ltr'><strong>est.</strong></span> <span class='ocrx_word' id='word_1_226' title='bbox 971 3173 1090 3232; x_wconf 88' lang='lat' dir='ltr'><strong>Deinde</strong></span> 
     </span>
     <span class='ocr_line' id='line_1_29' title="bbox 65 3270 1090 3356; baseline 0.002 -20"><span class='ocrx_word' id='word_1_227' title='bbox 65 3293 76 3346; x_wconf 60' lang='grc'><strong>;</strong></span> <span class='ocrx_word' id='word_1_228' title='bbox 136 3280 237 3338; x_wconf 91' lang='lat' dir='ltr'><strong>Tullus</strong></span> <span class='ocrx_word' id='word_1_229' title='bbox 251 3281 358 3339; x_wconf 89' lang='lat' dir='ltr'><strong>Albam</strong></span> <span class='ocrx_word' id='word_1_230' title='bbox 377 3290 499 3356; x_wconf 92' lang='lat' dir='ltr'><strong>propter</strong></span> <span class='ocrx_word' id='word_1_231' title='bbox 516 3279 600 3338; x_wconf 91' lang='lat' dir='ltr'><strong>ducis</strong></span> <span class='ocrx_word' id='word_1_232' title='bbox 621 3277 778 3354; x_wconf 85' lang='lat' dir='ltr'><strong>perfidiam</strong></span> <span class='ocrx_word' id='word_1_233' title='bbox 799 3270 887 3336; x_wconf 89' lang='lat' dir='ltr'><strong>diruit</strong></span> <span class='ocrx_word' id='word_1_234' title='bbox 909 3288 939 3335; x_wconf 88' lang='lat' dir='ltr'><strong>et</strong></span> <span class='ocrx_word' id='word_1_235' title='bbox 959 3278 1090 3338; x_wconf 77' lang='lat' dir='ltr'><strong>Albanas</strong></span> 
     </span>
     <span class='ocr_line' id='line_1_30' title="bbox 137 3384 507 3446; baseline 0.003 -3"><span class='ocrx_word' id='word_1_236' title='bbox 137 3386 267 3444; x_wconf 82' lang='lat' dir='ltr'><strong>Ramam</strong></span> <span class='ocrx_word' id='word_1_237' title='bbox 281 3391 402 3446; x_wconf 88' lang='lat' dir='ltr'><strong>transire</strong></span> <span class='ocrx_word' id='word_1_238' title='bbox 416 3384 507 3445; x_wconf 91' lang='lat' dir='ltr'><strong>iussit.</strong></span> 
     </span>
    </p>
   </div>
   <div class='ocr_carea' id='block_1_3' title="bbox 0 0 1194 3788">
    <p class='ocr_par' dir='ltr' id='par_1_3' title="bbox 0 0 1194 3788">
     <span class='ocr_line' id='line_1_31' title="bbox 0 0 1194 3788; baseline 0 2"><span class='ocrx_word' id='word_1_239' title='bbox 0 0 1194 3788; x_wconf 95' lang='lat' dir='ltr'><strong> </strong></span> 
     </span>
    </p>
   </div>
  </div>
 </body>
</html>
