2378 3788
144 208 186 270 86
359 209 456 272 Urbis
477 211 603 274 Romae
635 211 708 275 Vin·
735 212 886 275 Illustres

143 429 254 488 reiecti>
277 432 387 506 saguli),
409 431 569 491 ostendens
589 432 678 509 gladii
705 434 844 511 capulum
865 440 927 493 nim
951 434 1087 496 dubitavit
1114 437 1117 444 '

143 535 173 592 in
195 536 274 594 curii
295 537 412 595 dicere:
444 540 531 596 “Hic
554 539 651 610 saciet,
665 546 689 597 si
709 545 761 599 virs
781 545 843 598 nim
864 541 1027 600 feceritis.”

184 643 231 699 Ita
247 660 316 699 cum
336 643 514 702 Octaviinus
529 645 668 703 vicesimi>
687 646 791 704 aetatis
810 651 889 704 annd
908 647 1089 706 censulatum

142 748 303 820 invisisset,
324 755 430 823 picem
455 750 530 807 fecit
551 768 619 807 cum
641 752 772 809 Antdnid
796 761 827 810 et
851 752 978 827 Lepidi),
999 753 1042 811 ita
1062 761 1091 811 ut

108 873 118 920 5
144 855 283 912 triumviri
310 861 353 912 rei
375 855 510 930 publicae
535 856 761 915 cunstituendae
784 875 839 933 per
860 859 1091 933 quinquennium

143 971 241 1019 essent
259 951 326 1035 ipse
348 971 378 1018 et
400 961 530 1036 Lepidus
551 972 582 1020 et
602 964 756 1036 Antinius,
777 973 807 1021 et
827 973 860 1022 ut
880 969 949 1022 suds
971 966 1091 1040 quisque

142 1067 277 1124 inimicis
296 1068 520 1141 prirscriberent.
571 1069 656 1142 Quae
678 1069 853 1145 prdscriptid
872 1070 989 1128 Sullani
1008 1071 1093 1147 longi

143 1173 289 1231 crudelior
308 1173 371 1231 fuit.
414 1175 537 1232 Exstant
556 1184 655 1233 autem
671 1193 708 1233 ex
722 1182 759 1234 ei
772 1177 864 1234 multa
876 1177 925 1235 vel
945 1181 1092 1236 extrEmae

142 1279 301 1354 impietatis
312 1280 358 1337 vel
373 1286 463 1338 mirae
479 1281 549 1340 fidei
562 1299 598 1339 ac
613 1282 796 1340 cdnstantiae
808 1282 953 1358 exempla.
987 1284 1025 1342 T.
1037 1285 1092 1342 Τό-

95 1410 125 1468 10¹
142 1386 249 1457 ranius,
264 1386 481 1444 triumvirdmm
495 1391 594 1462 partes
615 1393 741 1460 secutus,
756 1393 914 1464 pruscripti
931 1389 1025 1464 patris
1044 1396 1093 1461 sui,

142 1492 280 1566 praetirii
296 1503 326 1550 et
344 1498 438 1551 inmiti
454 1494 515 1565 viri,
531 1494 666 1566 latebris,
680 1500 808 1552 actitem
826 1501 970 1570 notisque
988 1514 1092 1571 corpo·

142 1599 187 1670 ris,
204 1599 310 1673 quibus
329 1605 450 1675 agnusci
468 1610 579 1674 posset,
594 1599 815 1659 centuridnibus
834 1600 938 1673 edidit,
956 1608 1008 1676 qui
1027 1619 1092 1660 eum

142 1709 289 1779 persecuti
311 1715 386 1762 sunt.
428 1706 509 1763 Alius
528 1705 650 1780 quidam
668 1724 737 1764 cum
757 1711 954 1781 prdscriptum
974 1711 1007 1765 se
1027 1725 1092 1782 cog·

141 1811 280 1882 ndvisset,
299 1811 337 1869 ad
354 1811 492 1869 clientem
512 1830 597 1869 suum
615 1812 751 1887 cdnfugit
761 1833 769 1884 ;
793 1811 846 1874 sed
865 1812 944 1870 filius
962 1812 1025 1871 eius
1043 1830 1094 1888 per

95 1940 119 1987 ις
142 1917 205 1992 ipsa
224 1918 345 1993 vestigia
364 1919 453 1993 patris
475 1918 614 1977 militibus
636 1918 731 1976 ductis
753 1917 954 1976 occidendum
976 1936 1046 1976 eum
1064 1919 1093 1976 in

142 2029 304 2098 cdnspectri
326 2030 379 2082 suf>
401 2024 520 2082 obiecit.
780 2006 782 2010 ³

182 2130 259 2188 Cum
284 2131 318 2189 C.
343 2131 453 2188 Plirtius
482 2130 606 2188 Plancus
630 2136 648 2187 a
672 2129 827 2187 triumviris
855 2134 1038 2205 prdscriptus
1064 2131 1093 2188 in

140 2236 260 2311 regidne
283 2237 462 2295 Salernitana
482 2237 596 2308 lateret,
612 2219 686 2293 servi
707 2235 769 2293 eius
791 2235 999 2310 comprehensi
1020 2236 1092 2294 mul-

141 2328 313 2417 tumque'ac
328 2342 378 2400 diu
393 2349 462 2400 torti
476 2342 624 2417 negibant
646 2345 677 2398 εδ
692 2347 773 2412 scire,
787 2340 837 2399 ubi
852 2340 991 2399 dominus
1006 2351 1091 2400 esset.

92 2475 120 2505 20
141 2449 212 2506 Nun
234 2449 368 2506 sustinuit
389 2447 499 2506 deinde
522 2448 646 2505 Plancus
668 2457 728 2504 tam
753 2444 856 2504 fidelis
881 2455 1003 2521 tamque
1025 2448 1093 2506 boni

141 2556 268 2629 exempli
282 2560 379 2613 servis
393 2554 513 2612 ulterius
528 2552 669 2624 cruciari3
691 2551 744 2609 sed
759 2551 902 2626 prdcessit
916 2551 947 2608 in
961 2551 1092 2611 medium

140 2661 328 2736 iugulumque
348 2659 452 2735 gladiis
471 2659 596 2717 militum
616 2657 734 2716 obiicit.
777 2657 924 2715 Senitirris
939 2657 1092 2717 cuiusdam

140 2785 238 2824 servus
253 2785 322 2823 curn
336 2766 374 2824 ad
388 2765 542 2824 dominum
561 2768 757 2838 prirscriptum
772 2761 972 2820 occidendum
987 2764 1092 2823 milites

139 2872 292 2930 advenisse
308 2877 472 2946 cognirsset,
488 2874 671 2927 commfititi
684 2886 753 2925 cum
768 2873 805 2926 ei)
819 2877 909 2939 veste,
925 2875 1092 2943 permuniti)

91 3008 117 3056 ²5
140 2978 228 3035 etiam
243 2977 340 3048 anuli),
355 2977 437 3034 illum
456 2981 571 3051 postici>
586 2976 662 3033 clam
678 2974 783 3046 emisit,
798 2978 830 3032 se'
848 2983 948 3032 autem
965 2973 997 3032 in
1011 2975 1091 3034 cubi·

141 3262 159 3294 1.
175 3249 267 3306 saguli),
287 3248 369 3301 cloak,·
390 3250 510 3307 capulum,
526 3248 588 3300 lrilt,·
642 3249 675 3293 18.
691 3246 847 3300 Salernitini,
864 3247 895 3303 os
906 3246 1034 3291 Salernum
1057 3246 1093 3304 (in

196 3324 224 3370 cf.
235 3325 313 3382 capiti.
698 3320 841 3378 Campania,
850 3322 951 3365 modern
962 3320 1086 3378 Salerno).

640 3409 675 3454 25.
691 3397 790 3454 postici,
802 3411 817 3439 a
827 3394 884 3440 back
893 3395 958 3442 door.
