2378 3788
446 229 552 291 Gaius
574 230 710 292 Marius
1008 252 1052 316 49

90 448 178 506 caius
206 449 318 523 lagatus
347 459 417 520 erat,
446 468 515 506 cum
543 450 581 508 ab
609 455 646 508 ea
675 453 804 508 Ramam
833 455 936 510 missus
964 465 1051 527 esset,

91 553 176 630 apud
194 555 337 628 populum
355 556 523 612 Ramanum
541 555 710 614 criminatus
730 567 775 614 est
793 557 903 616 bellum
923 559 1049 634 dacere3

92 667 118 718 si
142 664 174 717 sa
197 660 350 717 causulem
373 659 523 732 iecissent,
545 662 627 720 brevi
649 672 784 736 tempore
808 675 859 722 aut
879 673 977 723 vivum
1001 676 1051 724 aut

92 775 246 823 mortuum
271 765 443 840 iugurtham
468 770 498 823 sa
528 767 558 823 in
586 773 765 841 potestatem
794 772 896 844 populi
923 772 1051 829 Ramani

92 872 292 929 redacturum.
342 871 447 945 Itaque
474 877 589 930 creatus
618 883 662 931 est
690 875 792 932 cansul
821 886 850 933 et
878 877 909 933 in
938 878 1051 934 Metelli
1074 897 1085 945 5

92 977 196 1035 locum
213 976 359 1034 suffectus.
401 977 516 1034 Bellum
535 978 573 1036 ab
592 978 642 1036 illa
661 985 802 1055 praspera
822 992 962 1057 coeptum
982 988 1050 1039 can-

93 1083 180 1141 sacit.
233 1082 375 1157 Iugurtha
398 1083 437 1141 ad
461 1085 603 1142 Gaetalas
629 1086 800 1161 perfugerat
825 1092 986 1161 earumque
1009 1093 1050 1145 ra-

92 1208 165 1265 gem
182 1188 335 1245 Bocchum
354 1188 492 1247 adversus
512 1192 666 1250 Ramanas
688 1199 896 1250 concitaverat.
938 1195 1050 1251 Marius

93 1295 240 1355 Gaetulas
261 1307 291 1354 et
312 1296 465 1354 Bocchum
484 1316 636 1372 aggressus
659 1297 738 1356 fadit
749 1319 757 1370 ;
779 1299 931 1356 castellum
952 1300 982 1356 in
1004 1318 1050 1357 ex-

93 1402 175 1459 celsa
199 1407 262 1476 ripa
285 1403 424 1476 positum,
448 1403 499 1461 ubi
527 1404 599 1478 ragii
626 1404 755 1461 thesauri
782 1414 873 1475 erant,
898 1410 959 1462 nan
987 1407 1049 1464 sine
1073 1432 1098 1461 ιο

93 1508 190 1565 multa
207 1507 307 1565 labare
327 1510 513 1584 expagnavit.
556 1510 701 1581 Bocchus,
719 1510 797 1568 bella
817 1511 958 1582 dalessus,
976 1513 1050 1586 laga-

94 1626 144 1673 tos
164 1614 204 1671 ad
226 1615 354 1672 Marium
375 1615 460 1685 misit,
482 1621 588 1690 pacem
608 1620 735 1673 arantas.
777 1616 856 1673 Sulla
876 1627 1015 1690 quaestor
1034 1623 1051 1674 a

94 1721 194 1779 Maria
216 1720 255 1778 ad
278 1725 378 1796 ragem
403 1724 538 1778 remissus
565 1721 686 1778 Boccha
711 1722 863 1795 persuasit,
889 1730 921 1778 ut
949 1723 1049 1796 Iugur-

94 1827 179 1885 tham
209 1827 351 1885 Ramanis
382 1826 519 1884 traderet.
583 1827 723 1902 Iugurtha
752 1827 839 1902 igitur
865 1828 980 1886 vinctus
1011 1828 1049 1885 ad

94 1933 226 1990 Marium
251 1931 396 1990 deductus
421 1942 465 1990 est
475 1953 484 2005 ;
520 1951 609 2006 quem
635 1932 747 1989 Marius
772 1933 954 2007 triumphans
982 1944 1050 1991 ante
1073 1958 1096 2006 ις

94 2058 214 2097 currum
240 2039 299 2114 agit
324 2048 354 2097 et
377 2040 408 2096 in
436 2057 585 2096 carcerem
615 2045 774 2097 caenasum
803 2039 928 2096 inclusit.
982 2040 1049 2112 Qua

93 2163 165 2203 cum
195 2145 334 2220 Iugurtha
362 2144 495 2202 datracta
522 2153 602 2202 veste
630 2144 841 2219 ingrederetur,
868 2149 901 2201 as
928 2145 1050 2202 ridentis

93 2253 125 2309 in
155 2250 279 2308 modum
307 2251 456 2310 didaxisse
488 2260 518 2307 et
549 2255 669 2324 stupans
701 2250 861 2324 similisque
893 2249 1051 2324 desipienti

93 2358 276 2416 exclamasse
301 2358 408 2415 fertur:
449 2357 553 2414 “Pra!
578 2374 668 2430 quam
693 2353 829 2430 frigidum
854 2365 899 2412 est
921 2367 1049 2412 vestrum

94 2464 235 2524 balneum
249 2465 280 2520 l”
323 2465 426 2521 Paucis
449 2462 553 2521 diabus
574 2472 641 2537 post
663 2461 693 2517 iu
715 2479 832 2518 carcere
855 2467 976 2518 necatus
996 2471 1047 2518 est.
1072 2488 1098 2518 κο

136 2570 248 2626 Marius
268 2579 334 2644 post
353 2569 463 2627 bellum
482 2567 674 2624 Numidicum
692 2567 798 2624 iterum
816 2567 918 2623 cansul
936 2573 1050 2624 creatus

93 2676 265 2750 bellumque
286 2683 313 2733 ei
332 2681 435 2733 contra
452 2675 588 2733 Cimbras
610 2683 639 2730 et
655 2674 807 2730 Teutonas
824 2672 977 2730 decretum
996 2682 1049 2729 est.

95 2784 140 2840 Hi
161 2787 233 2838 novi
253 2781 362 2854 hostas,
377 2781 415 2838 ab
437 2785 574 2839 extremis
597 2779 774 2837 Germaniae
796 2778 906 2836 tinibus
925 2779 1049 2852 profugi,

94 2893 187 2945 novas
207 2887 294 2945 sadas
315 2887 507 2960 quaerahant,
530 2885 698 2960 exclasique
723 2884 819 2942 Gallia
847 2894 877 2941 et
905 2885 1050 2958 Hispania

94 3012 164 3050 curn
187 2992 216 3049 iu
237 2993 352 3050 Italiam
374 2993 574 3066 remigrarent,
596 2997 613 3048 a
634 2993 786 3061 Ramanis,
808 2998 840 3046 ut
864 2989 974 3062 aliquid
996 2990 1050 3046 sibi
1072 3016 1096 3062 ²5

94 3109 192 3157 terrae
223 3097 336 3168 darent,
367 3098 525 3172 petiarunt.
584 3096 716 3170 Repulsi,
747 3094 828 3170 quod
860 3101 1050 3168 nequiverant

94 3205 245 3280 precibuS,
259 3277 261 3280 Α
274 3211 360 3261 armis
388 3212 490 3277 petere
520 3203 710 3260 canstituunt.
765 3203 838 3258 Tres
868 3200 958 3258 ducas
988 3202 1047 3256 Ra·

96 3317 177 3369 mani
205 3310 333 3383 impetas
363 3309 553 3367 barbararum
582 3314 643 3365 nan
675 3308 881 3364 sustinuerunt.
938 3306 1049 3363 Omnas

95 3417 195 3492 fugati,
219 3420 299 3472 extiti
319 3402 429 3472 castris.
482 3400 588 3471 fletum
612 3423 673 3470 erat
694 3411 733 3470 da
754 3411 878 3486 imperia
902 3411 1049 3480 Ramana,
