2378 3788
206 203 351 276 Publius
376 203 529 292 Valerius
546 203 715 265 Lu'euiuus
737 213 769 264 et
790 203 940 283 Pyrrhus
1011 220 1049 282 19

89 444 164 482 cum
180 429 232 482 rex
246 429 436 498 percontatus
454 433 539 494 esset,
555 442 626 480 num
641 442 684 493 ea,
700 442 775 498 quae
795 425 997 499 pervenissent
1011 422 1049 480 ad

90 535 182 589 aures
197 535 273 601 suiffi,
286 529 446 604 dixissent,
468 533 486 561 “
499 530 537 587 Et
552 529 627 586 haec
642 530 796 601 diximus‚”
807 531 951 604 inquiunt,
961 533 979 561 “
990 535 1048 600 rei,

90 647 123 696 et
143 636 202 693 nisi
220 641 320 693 vinum
342 635 511 706 defecisset,
528 635 620 692 multi)
642 635 724 709 phira
739 646 768 693 et
789 637 923 710 gravidra
943 635 1050 693 dicturi

91 742 233 800 suimus’'
251 738 257 748 '
277 738 410 815 Pyrrhus,
426 747 477 815 qui
492 742 618 799 milibat
633 747 691 798 vini
706 760 795 816 quam
812 740 965 798 hominum
983 760 1048 798 eam

91 847 216 921 culpam
229 846 331 916 viden,
347 845 499 905 subridens
515 852 566 904 eds
582 846 699 904 dimisit.

136 952 264 1026 Pyrrhus
279 952 365 1027 igitur
378 970 447 1009 cum
464 958 579 1027 putaret
601 953 657 1010 sibi
677 952 835 1027 gluribsum
857 953 927 1024 iore,
944 959 1049 1028 pacem

93 1067 125 1115 et
145 1057 251 1116 foedus
271 1075 339 1114 cum
362 1059 503 1115 Ruminis
526 1068 594 1133 post
615 1057 768 1116 victuriam
791 1059 898 1130 facere,
920 1060 1049 1116 Rumam

92 1163 174 1220 misit
196 1163 325 1238 legatum
346 1163 479 1235 Cineam,
504 1170 553 1238 qui
574 1170 680 1239 picem
702 1170 802 1238 aequis
825 1162 1050 1223 condicionibus

92 1273 287 1344 pr6p6neret.
327 1270 398 1327 Erat
412 1269 436 1326 is
450 1274 511 1344 regi
526 1270 672 1327 familiaris
688 1270 871 1343 multumque
887 1269 967 1344 apud
982 1289 1048 1328 eum
1075 1262 1078 1269 ’

92 1373 189 1450 gratia
210 1374 333 1432 valebat.
376 1377 482 1432 Dicere
505 1376 618 1433 solibat
641 1376 774 1449 Pyrrhus,
794 1377 825 1432 se
847 1376 943 1449 pluries
964 1378 1049 1435 urbes

94 1480 208 1538 Cineae
229 1480 398 1554 Eloquentia
413 1499 501 1555 quarn
516 1487 544 1537 vi
558 1492 587 1538 et
602 1488 689 1538 armis
710 1487 900 1556 expignisse.
944 1483 1050 1540 Cineis

95 1594 198 1642 tamen
219 1585 294 1660 regis
316 1585 510 1660 cupiditatem
530 1591 591 1643 nim
614 1585 804 1658 adulabitu13
833 1606 902 1644 nam
927 1606 995 1645 cum
1020 1589 1050 1646 in

95 1695 234 1748 sermbne
260 1691 385 1765 Pyrrhus
407 1697 434 1748 ei
455 1692 576 1749 cunsilia
598 1710 649 1749 sua
671 1699 797 1766 aperiret
818 1693 997 1768 dixissetque
1018 1699 1050 1752 se

94 1796 171 1854 velie
193 1796 308 1853 Italiam
330 1794 442 1853 diciimi
462 1816 531 1854 suae
553 1798 695 1870 subicere,
718 1799 844 1868 CineiS,
874 1800 1050 1873 “Superatis

95 1903 268 1972 Ruminis‚”
284 1901 387 1976 inquit,
404 1906 421 1933 “
432 1901 503 1977 quid
524 1922 610 1979 agere
622 1905 799 1976 destinanti
822 1907 893 1962 rex?
903 1907 918 1931 '’
963 1909 979 1935 “
991 1906 1048 1962 Ita·
1072 1929 1096 1975 ις

94 2007 152 2065 liae
167 2010 263 2064 vicina
280 2017 324 2065 est
346 2008 471 2079 Sicilia,”
488 2009 582 2084 inquit
604 2010 739 2084 Pyrrhus,
755 2015 838 2067 “nec
861 2011 979 2068 difficile
996 2011 1049 2068 erit

94 2131 163 2170 eam
178 2119 265 2170 armis
282 2117 457 2198 pccupare.''
499 2117 584 2172 Tunc
599 2116 723 2173 Cineas:
747 2120 765 2147 “
778 2117 932 2192 Occupati
953 2116 1049 2175 Sicilia

94 2218 169 2293 quid
197 2225 301 2294 postei
329 2225 444 2277 acturus
473 2223 525 2278 es?
538 2223 553 2247 '’
600 2223 674 2293 Rex,
700 2229 751 2296 qui
777 2224 910 2280 nundum
939 2224 1048 2281 Cineae

76 2336 229 2383 mentem
257 2326 472 2401 perspiciebat,
502 2328 565 2384 “In
591 2310 749 2399 diricam,'’
773 2328 874 2402 inquit,
898 2328 1048 2386 “triicere

95 2431 170 2489 mihi
190 2431 220 2487 in
242 2431 341 2490 anim6
363 2433 436 2490 est.”
479 2433 534 2490 Cui
555 2433 620 2490 ille:
646 2433 755 2507 “Quid
777 2432 928 2505 deinde&
950 2434 1046 2491 rex?’'
1069 2457 1096 2486 20

95 2541 113 2569 “
122 2538 150 2594 T
151 2555 202 2594 um
221 2535 359 2612 denique,
376 2543 416 2594 mi
437 2539 573 2609 Cineas,’'
591 2539 683 2612 inquit
707 2539 840 2612 PyrrhuS,
857 2543 873 2569 “
884 2545 937 2596 nus
958 2539 1049 2613 quieti

95 2643 232 2702 dabimus
257 2642 395 2719 dulcique
424 2644 485 2701 <itin
515 2645 669 2703 fruemur.‘’
723 2646 799 2700 Tum
827 2643 950 2701 Cineas:
981 2645 1048 2700 “At

94 2748 168 2825 quid
183 2749 318 2823 impedit,
334 2751 490 2824 quiiminus
505 2751 562 2808 isti)
577 2751 637 2808 (itii)
653 2751 711 2806 iam
725 2768 804 2806 nunc
818 2749 940 2806 fruaris?
950 2750 966 2775 '’

135 2857 267 2913 Rumam
288 2873 356 2913 cum
378 2857 506 2914 venisset
527 2857 643 2927 Cineis,
666 2857 772 2913 domus
794 2855 958 2930 principum
980 2872 1047 2923 curn

95 2954 264 3036 ingentibus
278 2944 364 3018 dunis
378 2961 558 3032 circumibat.
596 2963 747 3035 Nusquam
760 2967 828 3018 veri)
844 2971 980 3034 receptus
994 2971 1046 3018 est.
1069 2979 1094 3026 ²⁵

95 3067 167 3124 an
182 3072 199 3123 a
213 3065 280 3123 viris
293 3066 397 3137 stilum,
409 3067 463 3125 sed
479 3068 568 3125 etiam
584 3073 601 3123 a
614 3067 781 3124 mulieribus
797 3073 895 3141 spreta
909 3067 970 3123 eius
984 3070 1046 3123 mir-

95 3189 175 3229 nera.
219 3170 409 3229 Intrdductus
424 3171 533 3230 deinde
556 3174 585 3229 in
606 3173 716 3229 citiam
734 3189 802 3228 curn
822 3174 897 3248 regis
910 3173 1047 3229 virtutem

96 3281 335 3351 prdpensumque
356 3277 386 3334 in
403 3278 555 3336 Ruminhs
576 3279 707 3334 animum
728 3279 823 3337 verbis
846 3278 997 3357 extqileret
1019 3288 1048 3335 et

97 3381 136 3439 de
150 3380 362 3439 condicidnum
377 3382 525 3455 aequitate
541 3384 694 3441 dissereret
716 3393 746 3440 et
767 3382 915 3440 sententia
931 3387 1048 3439 sentitiis
