2378 3788
137 260 176 304 22
356 242 453 304 Urbis
476 242 603 304 Romae
630 241 702 304 Viri
724 241 875 302 Illustres

136 457 345 533 cupiditatibus
373 457 518 531 imperare
547 461 662 531 potem,
687 455 759 513 nihil
788 456 860 513 mihi
888 455 1006 528 deerit;
1035 459 1080 513 vbs

137 574 235 621 autem
256 563 413 638 pecuniam
435 562 474 620 ad
495 567 556 633 ebs,
571 568 621 636 qui
643 563 698 619 hac
718 561 861 636 indigent,
877 562 1055 636 reportate.'’

177 671 268 728 Gaius
294 669 444 727 Fabricius
469 686 537 725 cum
559 668 681 738 Rufina,
704 668 765 725 virr’)
787 667 887 739 nubiti,
909 667 1085 725 simultatem

137 777 258 850 gerebat
277 776 316 833 ob
338 779 453 832 murum
476 773 753 843 dissimilitudinem,
770 791 838 830 cum
859 773 923 848 ipse
946 774 1087 848 pecuniae

103 910 114 956 5
138 891 327 955 contemptor
341 890 426 951 esset,
439 880 486 937 hic
501 886 603 937 avarus
617 890 648 936 et
659 879 743 937 furax
755 879 978 937 existimaretur.
1013 880 1090 953 Quia

138 998 237 1044 tamen
252 987 379 1044 Rufinus
398 984 556 1043 industrius
577 1003 613 1042 ae
627 986 721 1043 bonus
739 986 900 1058 imperator
921 995 993 1057 erat,
1010 991 1089 1060 mag·

138 1111 268 1166 numque
288 1104 317 1150 et
338 1111 425 1166 grave
448 1092 557 1150 bellum
579 1092 732 1148 imminere
754 1090 917 1162 videbatur,
937 1091 1090 1150 Fabricius

138 1210 241 1256 auctor
252 1199 313 1269 fuit,
325 1209 358 1256 ut
373 1199 499 1256 Rut‘mus
514 1198 618 1255 cbnsul
632 1201 787 1267 crearetur,
800 1214 927 1271 cumque
943 1196 1090 1256 isdeinde

101 1357 105 1367 .
140 1306 163 1363 F
165 1306 275 1363 abricit’)
289 1306 394 1379 gratias
412 1314 520 1378 ageret,
535 1303 617 1378 quod
632 1308 663 1361 se
683 1303 773 1360 homr‘)
789 1303 923 1361 inimicus
937 1304 1092 1362 cbnsulem

91 1435 116 1464 ιο
139 1411 268 1482 lecisset,
289 1411 335 1467 hie
356 1409 517 1484 respondit,
537 1415 598 1466 nbn
619 1427 682 1467 esse
704 1409 879 1481 mirandum,
894 1415 919 1466 si
938 1412 1094 1485 compilari

138 1536 227 1591 quam
241 1521 339 1574 veuire
355 1516 512 1576 maluisset.
549 1516 686 1572 Eundem
700 1520 805 1589 postea
819 1515 971 1575 Fabricius
985 1521 1094 1574 censor

139 1624 231 1680 factus
246 1627 347 1680 senatu
363 1623 463 1693 mevit,
479 1621 559 1695 quod
577 1627 690 1696 argenti
705 1621 773 1677 facti
793 1603 901 1680 decem
920 1622 1026 1696 pondb
1042 1622 1090 1680 ha-

138 1730 230 1788 bEret.
275 1729 424 1787 Fabricius
449 1746 569 1785 omnem
594 1734 683 1784 vitam
709 1728 739 1784 in
766 1727 892 1802 glbribsa
915 1735 1092 1803 paupertate

139 1836 235 1910 engit
255 1836 390 1909 adebque
410 1835 495 1908 inops
515 1834 651 1904 decessit,
666 1843 707 1903 ut,
722 1833 802 1890 unde
824 1834 880 1892 dbs
894 1834 1025 1892 liliamm
1043 1854 1092 1893 ex-

91 1959 115 2006 15
139 1943 299 2016 pediretur,
324 1946 384 1998 nbn
413 1941 600 2014 relinqueret.
643 1941 765 1998 Senatus
793 1940 884 2014 patris
908 1939 965 1997 sibi
992 1946 1093 2015 partes

139 2047 302 2121 desumpsit
324 2058 353 2104 et
374 2047 449 2105 datis
471 2065 507 2103 ex
528 2045 639 2103 aerarib
660 2045 780 2103 dbtibus
802 2045 877 2103 filias
898 2045 1076 2105 conlocavit.

179 2154 303 2228 Pyrrhus
319 2172 386 2209 cum
402 2152 539 2209 adversus
556 2154 708 2209 Rbmanbs
723 2170 827 2226 parum
842 2151 1046 2225 prbfecturum
1061 2159 1093 2210 se

138 2260 329 2334 intellegeret,
349 2258 477 2316 Siciliam
502 2257 627 2315 dicit'mis
652 2276 720 2315 suae
743 2257 839 2315 lacere
862 2258 971 2316 statuit.
1015 2259 1092 2316 Inde

140 2367 256 2423 rediens
284 2383 352 2421 cum
378 2365 489 2422 Locrus
514 2364 606 2421 classe
632 2364 914 2438 praeterveheretur,
937 2363 1092 2422 thesaurbs

89 2492 117 2522 20
140 2473 202 2528 fani
224 2470 414 2544 Prbserpinae
435 2470 559 2526 intactus
575 2469 612 2525 ad
635 2489 701 2527 eam
723 2470 803 2527 diem
825 2470 979 2545 spoliavit,
1000 2480 1091 2545 atque

139 2579 179 2634 ita
200 2578 324 2651 pecunia
349 2577 379 2632 in
403 2580 491 2633 naves
513 2576 653 2648 imposita
677 2577 740 2650 ipse
763 2582 840 2633 terra
861 2584 905 2633 est
929 2575 1091 2650 profectus.

139 2683 219 2756 Quid
241 2689 310 2756 ergb
329 2683 448 2740 euenit?
489 2682 596 2739 Classis
618 2687 737 2755 posterb
759 2682 808 2739 die
824 2681 994 2740 foedissima
1015 2692 1091 2740 tem·

139 2794 251 2862 pestate
265 2789 392 2845 lacerata
413 2793 575 2860 omnesque
593 2792 690 2857 navita,
706 2805 781 2861 quae
804 2805 916 2844 sacram
932 2789 1092 2861 pecuniam

140 2895 296 2964 habebant,
319 2895 453 2950 inlitora
479 2895 638 2950 Locrbmm
661 2894 773 2950 eiectae
798 2903 874 2950 sunt.
918 2893 986 2966 Qua
1010 2900 1092 2952 tanta

91 3018 115 3064 25
140 3000 224 3056 clade
240 2998 363 3056 edoctus
378 2999 499 3056 tandem
515 2997 587 3055 debs
607 3017 680 3068 esse,
695 2998 919 3071 superbissimus
934 3002 985 3056 terr
1000 3005 1090 3073 pecu-

139 3107 219 3163 niam
240 3122 361 3161 omnem
386 3110 578 3177 conquisitam
603 3104 631 3160 in
654 3104 755 3160 fanum
779 3104 969 3178 Prbserpinae
992 3106 1092 3162 referri

139 3212 229 3269 iussit.
263 3210 328 3266 Nec
341 3219 440 3266 tamen
455 3210 495 3265 illi
507 3228 646 3282 umquam
659 3215 793 3283 prbsperi
806 3210 970 3283 quidquam
982 3212 1090 3282 evcnit,

139 3319 296 3392 pulsusque
313 3315 397 3371 Italia
410 3314 530 3389 ignbbili
545 3325 637 3371 morte
653 3315 801 3384 occubuit.
