2378 3788
163 252 207 313 40
386 234 482 298 Urbis
504 235 631 296 Romae
656 236 729 298 Viri
750 237 902 298 Illustres

163 454 279 513 sortana
289 455 350 527 viri,
363 456 445 512 caius
460 456 618 512 amicitiam
634 456 704 514 alim
719 457 817 531 scipio
832 458 966 532 petierat.
1002 460 1118 533 Ragem

162 562 293 636 aliasque
315 566 445 635 captivas
467 563 595 618 Ramam
618 562 695 619 misit
716 563 814 636 Scipio
824 583 833 634 3
856 564 1051 636 Masinissam,
1067 571 1118 639 qui

162 668 280 743 egregia
295 686 356 724 rem
373 668 538 724 Ramanam
554 666 714 739 adiaverat,
730 673 819 725 aurea
833 674 943 726 corana
957 669 1087 728 danavit.

203 775 290 830 Haec
312 783 342 830 et
363 773 447 845 aliae,
463 791 539 847 quae
557 773 879 846 sequabantur,·cladas
894 774 1115 850 Carthaginian·

127 901 138 949 5
162 879 240 936 sibus
255 888 369 935 tantum
384 879 501 935 terraris
516 878 683 949 intularunt,
699 888 731 935 ut
750 879 950 936 Hannibalem
972 898 1009 936 ex
1032 882 1118 939 Italia

161 984 200 1042 ad
221 984 362 1042 tuendam
387 984 512 1058 patriam
537 989 717 1042 revocarent.
760 983 913 1041 Frendans
934 989 1115 1060 gemansque

161 1108 196 1148 ac
224 1090 272 1148 vix
300 1090 426 1148 lacrimis
454 1095 631 1164 temperans,
652 1089 677 1147 is
702 1088 808 1147 dicitur
836 1089 997 1164 lagatarum
1025 1092 1116 1150 verba

161 1195 277 1253 audisse
305 1195 511 1269 mandatisque
539 1195 678 1270 paruisse.
722 1195 865 1269 Respexit
893 1213 982 1269 saepe
1011 1197 1115 1254 Italiae

161 1303 253 1372 litora,
269 1305 362 1358 samet
384 1306 534 1371 accasans,
550 1299 630 1374 quod
648 1305 709 1358 nan
725 1301 866 1358 victarem
882 1301 1043 1358 exercitum
1057 1313 1114 1360 sta-

115 1436 141 1467 10
161 1407 214 1464 tim
236 1407 274 1465 ab
291 1407 440 1465 Cannensi
454 1411 552 1480 pagna
567 1408 695 1463 Romam
710 1405 849 1464 daxisset.
891 1394 1011 1463 Zamam
1025 1412 1115 1465 vane-

161 1522 205 1569 rat
220 1512 380 1583 Hannibal,
392 1530 468 1586 quae
483 1512 551 1570 urbs
566 1518 695 1586 quinque
710 1510 824 1568 diarum
835 1512 891 1568 iter
905 1518 922 1569 a
936 1512 1115 1588 Carthagine

161 1618 253 1690 abest,
277 1628 307 1676 et
331 1618 466 1676 nantium
491 1617 530 1675 ad
553 1617 722 1691 Scipianem
747 1617 834 1689 misit,
858 1627 891 1674 ut
915 1618 1115 1692 conloquendi

162 1727 262 1781 sacum
277 1729 454 1798 potestatem
469 1723 589 1780 faceret.
631 1722 729 1796 Scipia
744 1740 812 1779 cum
828 1722 1018 1796 conloquium
1034 1722 1114 1781 haud

162 1829 320 1901 abnuisset,
342 1827 406 1886 dias
430 1829 572 1902 locusque
596 1828 791 1885 constituitur.
835 1829 939 1902 ltaque
964 1835 1116 1903 congressi

114 1956 139 2004 15
161 1944 229 1992 sunt
257 1935 318 1992 duo
343 1933 494 1991 clarissimi
518 1951 588 1991 suae
611 1933 714 1990 aetatis
738 1932 838 1990 ducas.
889 1934 1037 1991 Stetarunt
1061 1935 1113 1992 ali·

161 2039 301 2114 quamdia
319 2040 400 2096 taciti
418 2044 576 2113 matuaque
596 2038 789 2096 admiratione
811 2037 908 2096 datixi.
952 2039 1029 2097 Cum
1042 2045 1115 2098 vara

161 2145 200 2203 da
225 2144 451 2202 condicionibus
479 2144 561 2218 pacis
589 2144 665 2201 inter
693 2148 743 2201 eas
772 2148 831 2201 nan
857 2145 1051 2217 convanisset,
1074 2146 1114 2205 ad

160 2255 229 2308 suas
262 2255 295 2308 sa
329 2255 504 2324 recaparunt
534 2250 742 2321 renantiantas
772 2256 858 2306 armis
889 2249 1113 2310 dacernendum

161 2375 234 2415 esse.
276 2357 444 2415 Commisso
472 2354 582 2413 deinde
611 2355 724 2429 proclia
753 2355 904 2412 Hannibal
925 2358 1018 2413 victus
1043 2375 1114 2414 cum

112 2484 140 2516 κο
160 2471 298 2537 quattuor
325 2461 472 2536 equitibus
501 2461 583 2535 ffigit.
634 2461 774 2519 Caterum
802 2465 926 2531 canstat,
955 2470 1114 2536 utrumque

161 2567 199 2626 da
220 2568 313 2625 altera
335 2567 501 2625 cansessum
525 2584 598 2637 esse,
615 2584 672 2623 nec
694 2566 796 2623 melius
816 2571 919 2623 instrui
939 2567 1033 2624 aciem
1055 2585 1113 2625 nec

160 2673 253 2731 acrius
274 2674 404 2748 potuisse
425 2677 556 2747 pugnari.

200 2779 455 2852 Carthaginienses
483 2782 564 2834 meta
598 2776 723 2850 perculsi
750 2775 789 2834 ad
817 2776 977 2850 petendam
1005 2783 1113 2852 pacem

111 3015 138 3063 ²5
160 2999 255 3047 castra
279 2991 416 3047 Romana
438 2993 589 3057 variarunt,
610 2987 727 3044 veniam
753 2988 862 3045 civitati
885 2989 1027 3062 petabant
1050 2995 1113 3047 nan

160 3097 277 3170 culpam
306 3099 473 3170 pargantES,
493 3093 547 3151 sed
574 3092 690 3150 initium
719 3093 823 3167 culpae
850 3093 880 3150 in
910 3094 1112 3152 Hannibalem

160 3200 375 3259 transferentas.
416 3201 508 3257 Victis
523 3199 602 3272 lagas
618 3199 757 3272 imposuit
771 3199 877 3273 Scipia.
920 3200 1030 3274 Lagati,
1042 3218 1112 3258 cum

160 3307 251 3364 nullas
273 3305 463 3363 condicianas
485 3309 662 3373 recasarent,
682 3305 811 3360 Ramam
832 3303 957 3379 profecti
978 3314 1053 3377 sunt,
1068 3316 1111 3378 ut,

160 3431 236 3488 quae
250 3418 268 3470 a
281 3413 418 3486 Scipiane
433 3419 521 3484 pacta
535 3418 642 3479 essent,
658 3426 693 3465 ea
707 3418 823 3482 patrum
837 3427 872 3466 ac
894 3411 996 3484 populi
1010 3417 1112 3469 aucta·
1157 3408 1159 3413 ’
