2370 3788
134 168 175 229 26
352 166 448 229 Urbis
468 167 594 228 Romae
619 165 692 229 Viri
712 165 864 228 Illustres

133 389 251 447 deserte
277 393 355 462 agre,
379 392 439 445 nen
465 398 542 445 esset
568 386 646 444 unde
669 404 743 444 uxor
772 397 802 444 et
827 387 910 444 liberi
934 387 1092 448 alerentur.

57 529 59 533 ·
133 497 254 554 Senatus
287 499 417 568 acceptis
450 493 553 551 litteris
586 497 641 564 res,
678 498 749 567 ques
783 493 912 567 Regulus
945 501 1093 571 amiserat,

133 603 251 678 ptiblice
265 600 392 675 pecunie
410 598 516 656 redimi
538 599 627 669 iussit,
644 598 769 673 agellum
792 599 952 659 colendum
974 604 1093 677 locevit,

133 710 272 767 alimenta
287 708 405 782 coniugi
420 727 455 764 ac
470 706 565 763 liberis
582 706 725 780 praebuit.

99 835 110 882 5
173 817 302 890 Regulus
319 814 429 872 deinde
449 813 547 870 multis
571 813 687 886 proeliis
711 814 997 889 Carthaginiensium
1020 823 1095 892 opes

134 921 268 979 contudit
287 927 396 995 erisque
418 924 522 994 pecem
545 930 647 994 petere
671 921 777 995 coegit.
822 921 919 994 Quam
941 940 1010 979 cum
1032 923 1094 980 Re-

133 1029 216 1102 gulus
237 1029 336 1100 millet,
352 1028 408 1084 nisi
432 1026 591 1084 dirrissimis
614 1026 848 1099 condicienibuS,
865 1026 978 1098 darei
1000 1028 1094 1087 Lace-

134 1134 298 1193 daemoniis
312 1134 353 1191 illi
367 1135 505 1191 auxilium
522 1134 677 1209 petierunt.
736 1171 737 1174 =

176 1239 404 1297 Lacedaemonii
426 1241 638 1315 Xanthippum,
662 1241 755 1297 virum
782 1240 851 1297 belli
871 1240 1093 1314 peritissimum,

88 1371 113 1401 10
134 1344 172 1402 ad
198 1346 452 1420 Carthaiginienses
481 1351 630 1417 miserunt,
653 1351 671 1403 e
692 1350 750 1419 que
774 1344 904 1420 Regulus
928 1346 1023 1403 victus
1048 1357 1095 1404 est

134 1452 236 1509 ultime
263 1452 414 1527 pernicie3
448 1471 517 1508 nam
543 1452 602 1509 duo
633 1461 746 1508 tantum
772 1450 851 1507 milia
876 1450 1029 1508 hominum
1055 1469 1094 1509 ex

135 1564 216 1615 omni
231 1560 367 1615 Remane
387 1559 517 1615 exercitu
540 1558 710 1632 relegerunt
732 1568 762 1614 et
785 1557 914 1631 Regulus
935 1557 999 1631 ipse
1021 1575 1092 1632 cup-

135 1674 181 1722 tus
196 1664 269 1722 etin
286 1683 433 1721 carcerem
450 1664 601 1721 coniectus
617 1674 683 1736 est„
714 1663 790 1720 Inde
814 1664 942 1719 Reman]
964 1663 1002 1720 de
1024 1681 1091 1737 per-

135 1770 282 1828 mutandis
297 1776 418 1844 captivis
438 1773 541 1828 missus
564 1780 607 1827 est
629 1770 699 1827 datii
722 1769 917 1839 iureiurande,
933 1778 974 1839 ut,
991 1774 1014 1825 si
1030 1775 1092 1826 nen

89 1898 112 1945 15
132 1875 329 1950 -impetresset,
344 1873 454 1932 rediret
469 1876 532 1950 ipse
547 1875 765 1950 Carthriginem.
804 1875 945 1947 Quicum
961 1876 1091 1932 Remam

135 1981 272 2052 venisset,
288 1980 424 2038 inductus
440 1981 471 2037 in
485 1987 618 2038 senetum
634 1982 773 2038 mandrita
795 1980 949 2054 exposuit,
973 1990 1090 2037 senten-

136 2087 208 2145 tiam
222 2091 260 2144 ne
275 2085 397 2157 diceret,
409 2087 571 2159 recusavit,
593 2106 681 2161 quam
698 2086 748 2144 diu
760 2086 946 2143 iureiurande
962 2086 1091 2143 hostium

137 2198 293 2263 teneretur,
309 2197 341 2250 se
355 2198 416 2250 nen
430 2211 494 2251 esse
512 2198 687 2250 seneterem.
730 2174 828 2249 [ussus
851 2202 950 2249 tamen
973 2201 1089 2249 senten-

136 2299 208 2357 tiam
231 2297 339 2370 dicere,
363 2300 481 2374 negtivit
504 2317 567 2356 esse
589 2299 670 2368 utile,
696 2303 827 2372 captives
852 2299 969 2355 Poenes
994 2297 1089 2369 reddi,

88 2431 115 2459 20
137 2405 200 2461 illes
216 2405 295 2462 enim
310 2405 514 2462 adulescentes
529 2422 593 2461 esse
608 2414 639 2461 et
658 2404 751 2462 bones
769 2403 870 2474 duces,
886 2408 917 2460 se
939 2403 997 2460 iarn
1018 2409 1089 2460 cen-

138 2511 247 2567 fectum
270 2515 431 2568 senectrite.
474 2511 564 2568 Ctiius
586 2528 655 2566 cum
676 2491 811 2569 valuisset
833 2510 998 2580 aucteritas
1019 2528 1089 2584 cap-

137 2623 187 2672 tivi
211 2622 317 2673 retenti
341 2627 415 2687 sunt,
440 2616 511 2690 ipse,
536 2634 604 2673 cum
627 2616 800 2672 retineretur
824 2621 842 2672 ai
866 2618 1036 2689 propinquis
1061 2626 1091 2672 et

137 2728 246 2792 amicis,
262 2732 361 2779 tamen
376 2723 584 2796 Carthaginem
599 2721 705 2793 rediit,
725 2738 822 2794 neque
837 2725 906 2778 vere
922 2731 991 2777 tunc
1008 2721 1089 2794 igne-

137 2828 228 2897 rabat,
244 2832 276 2884 se
290 2827 329 2885 ad
343 2826 577 2884 credelissimum
592 2827 710 2884 hostem
725 2826 807 2883 etad
823 2832 964 2899 exquisita
980 2825 1089 2900 suppli-

88 2957 113 3003 23
137 2935 183 2991 eia
210 2934 366 3008 proficisci,
395 2932 447 2991 sed
477 2933 674 2990 iushirandum
705 2932 938 2989 censervandurn
968 2931 1089 3006 putevit.

138 3042 301 3097 Reversum
329 3038 585 3113 Carthaginienses
614 3045 695 3096 omni
725 3039 855 3094 cruciitri
891 3042 1070 3095 neciverunt
1081 3059 1089 3110 5

137 3145 283 3220 palpebris
306 3145 385 3202 euim
408 3151 527 3202 resectis
546 3144 726 3217 aliquamdiu
753 3141 784 3198 in
813 3144 880 3200 locri
902 3143 1090 3201 tenebricese

138 3254 294 3308 tenuerunt
305 3271 314 3322 3
335 3248 447 3308 deinde
467 3266 537 3307 cum
558 3249 602 3306 sel
623 3259 702 3307 esset
721 3247 951 3320 ardentissimus,
966 3262 1090 3323 repente

138 3355 277 3413 eductum
300 3355 407 3413 intueri
426 3354 541 3412 caelum
563 3359 742 3430 coegerunt,
767 3360 919 3430 postremi)
940 3356 970 3417 in
991 3374 1089 3411 arcam
