2378 3788
133 184 176 261 46
356 181 453 245 Urbis
474 183 601 245 Romae
632 183 705 246 Viri
725 183 876 247 illustres

134 407 266 460 anatara
280 420 377 477 neque
395 408 413 460 a
432 403 567 462 doctrina
587 403 680 462 dafuit
690 425 700 477 3
722 404 775 463 sed
796 405 886 465 amba
907 424 973 465 rem
995 408 1088 483 pabli·

134 526 211 581 cam,
225 526 315 582 quarn
336 512 410 566 tuari
431 519 576 583 poterant,
592 511 762 584 perturbare
784 512 958 570 maluarunt.

173 614 309 672 Tiberius
335 614 497 687 Gracchus,
522 615 653 673 tribanus
676 616 770 691 plabis
794 623 918 688 creatus,
941 623 960 676 a
986 624 1089 678 senata

135 720 257 778 dascivit
267 740 276 792 3
299 720 400 793 populi
422 720 552 778 savorem
573 721 702 796 proiasis
723 722 923 797 largatianibus
945 725 1004 783 sibi
1020 743 1089 783 con·

101 851 112 898 5
135 826 242 884 ciliavit
252 845 261 897 ;
291 830 376 900 agros
398 826 478 900 plabi
498 826 834 902 dividabat,pravincias
857 835 941 887 novis
966 831 1090 889 colanias

136 932 277 1006 replabat.
321 933 397 990 Cum
419 943 517 990 autem
540 934 725 992 tribaniciam
746 926 926 1009 potestatem
948 936 1005 994 sibi
1024 942 1089 1012 pra-

137 1044 231 1112 rogari
246 1038 332 1095 vellet
347 1048 376 1096 et
391 1040 488 1114 palam
503 1039 674 1109 dictitasset,
684 1040 863 1114 interamptt‘)
874 1046 979 1098 senata
990 1042 1091 1100 omnia

137 1162 191 1220 per
211 1145 329 1220 plabem
344 1151 391 1220 agi
404 1145 524 1216 dabare,
539 1146 615 1202 viam
631 1146 686 1204 sibi
700 1145 740 1204 ad
754 1149 876 1220 ragnum
890 1152 994 1220 parare
1009 1148 1090 1207 vida·

137 1252 230 1309 batur.
273 1251 340 1324 Qua
357 1255 388 1308 ra
407 1270 475 1308 cum
495 1256 648 1309 convocati
668 1255 765 1325 patras
784 1251 990 1324 deliberarent,
1006 1253 1090 1327 quid-

91 1381 116 1412 ιο
137 1376 206 1415 nam
229 1357 395 1415 faciendum
418 1367 504 1428 esset,
526 1357 623 1414 statim
643 1357 778 1415 Tiberius
801 1357 982 1431 Capitolium
1008 1359 1092 1432 petit,

138 1481 257 1520 manum
272 1462 311 1521 ad
326 1473 414 1537 caput
429 1463 567 1533 referam,
578 1467 638 1537 qua
649 1467 731 1538 signa
743 1462 866 1520 saliatem
881 1480 965 1520 suam
978 1464 1092 1538 popula

138 1569 377 1628 commendabat.
421 1571 492 1626 Hac
507 1569 643 1626 nabilitas
658 1568 699 1625 ita
712 1568 838 1642 accapit‚
853 1569 937 1642 quasi
952 1568 1094 1628 diadama

116 1685 284 1751 -posceret,
314 1675 498 1749 sagniterque
528 1683 662 1731 cessante
690 1674 819 1744 cansule,
843 1673 942 1747 Scipia
975 1675 1094 1747 Nasica,

139 1800 206 1839 cum
231 1789 308 1839 esset
330 1781 522 1838 cansabrinus
543 1779 654 1837 Tiberii
677 1778 812 1849 Gracchi,
836 1779 961 1854 patriam
984 1787 1094 1856 cogna-

92 1910 116 1956 ις
140 1888 213 1945 titani
234 1886 401 1962 praeierans
423 1885 534 1943 sublata
556 1884 659 1942 dextra
679 1884 888 1958 praclamavit:
919 1885 1009 1958 “Qui
1032 1905 1099 1944 rem

140 1993 288 2068 pablicam
318 1992 426 2050 salvam
455 2009 519 2048 esse
547 1991 657 2059 volunt,
682 1994 729 2047 ma
757 1999 915 2064 sequantur
928 1993 933 2048 i
946 1992 963 2018 ’'
1015 1993 1096 2050 Dein

141 2099 306 2172 optimatas,
321 2102 439 2155 senatus
460 2106 548 2170 atque
570 2095 712 2170 equestris
734 2094 843 2153 ardinis
861 2113 928 2170 pars
945 2097 1051 2171 maior,
1066 2100 1096 2155 in

141 2204 309 2262 Gracchum
325 2203 450 2273 inruunt,
466 2208 517 2276 qui
534 2201 646 2276 fugians
668 2201 885 2275 decurransque
907 2201 983 2273 ciiva
1004 2204 1095 2279 Capi-

141 2310 232 2367 talina
248 2310 411 2384 fragmenta
427 2307 555 2365 subsellii
573 2307 648 2363 ictus
663 2313 760 2377 vitam,
776 2324 864 2380 quam
886 2307 1097 2381 glariasissima

93 2441 121 2471 20
141 2416 248 2491 d'e‘gere
264 2423 408 2489 potuerat,
424 2413 578 2470 immanita
596 2422 691 2470 morte
707 2412 810 2469 finivit.
853 2413 966 2470 Mortui
985 2414 1099 2472 Tiberii

142 2539 247 2595 corpus
263 2521 292 2577 in
308 2521 417 2577 flamen
432 2519 596 2593 prbiectum
611 2528 664 2575 est.

183 2627 289 2685 Gaium
316 2625 485 2684 Gracchum
507 2624 587 2681 idem
612 2623 700 2693 furor,
723 2629 773 2697 qui
793 2623 911 2680 fratrem
932 2624 1098 2696 Tiberium,

143 2731 306 2805 occupavit.
348 2730 542 2787 Tribanatum
566 2729 644 2786 enim
667 2728 803 2803 adeptus,
826 2746 877 2786 seu
898 2728 1098 2788 vindicandae
1129 2792 1134 2801 ,

143 2838 287 2894 fraternae
308 2837 398 2906 necis,
415 2853 466 2892 seu
485 2833 705 2908 comparandae
719 2834 818 2908 ragiae
832 2835 984 2908 potentiae
999 2842 1098 2908 causa,

95 2956 128 3012 25·
143 2942 271 3018 pessima
291 2941 390 3014 coepit
412 2941 483 2997 inire
504 2939 645 3011 cansilia5
667 2939 809 2996 maximas
823 2940 989 3012 largitianas
1004 2924 1098 3014 iacit;

144 3046 286 3105 aerarium
314 3045 419 3104 effadit
431 3068 439 3118 ;
467 3046 563 3120 legem
589 3046 627 3103 de
655 3045 803 3102 framenta
831 3045 911 3119 plabi
935 3045 1099 3105 dividenda

145 3152 229 3224 tulit;
254 3151 401 3209 civitatem
431 3152 567 3209 omnibus
596 3150 705 3207 Italicis
734 3150 831 3208 dabat.
885 3151 941 3207 His
969 3151 1101 3211 Gracchi

146 3257 272 3315 cansiliis
293 3263 403 3331 quanta
424 3267 560 3331 poterant
580 3256 780 3325 contentiane,
798 3256 981 3314 obsistabant
996 3263 1102 3316 omnas

146 3364 225 3434 bonI,
249 3363 278 3420 in
306 3363 412 3438 quibus
441 3363 567 3419 maxime
597 3364 672 3432 Pisa,
694 3362 736 3418 vir
761 3361 931 3418 causularis.
977 3362 1007 3420 Is
1031 3381 1101 3421 cum
