2378 3788
323 203 455 268 Gnaeus
477 204 654 286 Pompeius
675 207 823 288 Magnus
1004 213 1045 286 63

93 431 170 482 renti
191 425 317 499 conlega
338 424 433 497 datus,
449 424 607 499 Pompeius
627 425 765 484 adversus
786 427 946 485 Serterium
967 428 1048 485 varie

92 535 203 589 eventii
234 530 393 588 dimicevit.
446 531 610 588 Meximum
641 531 682 590 ibi
711 532 743 588 in
777 533 889 607 proelie
917 533 1048 608 quedam

91 636 259 710 periculum
282 635 388 708 subiit;
414 653 483 693 cum
508 636 587 693 enim
611 637 655 694 vir
678 642 759 694 veste
780 639 911 712 corporis
937 638 1047 713 megui-

92 741 198 800 tiidine
219 741 366 815 impetum
386 741 417 798 in
438 759 507 798 eum
528 741 658 813 fecisset,
675 743 832 816 Pompeius
850 762 969 801 manum
986 763 1047 801 am-

91 847 208 922 punivit
218 867 227 919 ;
258 844 311 904 sed
340 847 436 905 multis
464 847 495 904 in
522 865 591 905 eum
619 849 861 906 concurrentibus
888 849 990 907 vulnus
1017 850 1048 907 in
1084 875 1094 922 ς

92 953 209 1011 femore
231 952 347 1026 accepit
368 961 399 1010 et
419 959 437 1011 {t
457 959 514 1010 suis
532 953 709 1029 fugientibus
727 953 859 1012 desertus
874 955 904 1011 in
919 955 1047 1013 hostium

92 1063 243 1132 potestaite
262 1067 333 1115 erat.
375 1060 415 1116 At
439 1068 556 1133 praeter
580 1077 664 1134 spem
690 1061 780 1118 evisit
791 1081 799 1132 ;
828 1060 945 1119 barbari
969 1062 1048 1119 enim

92 1182 206 1238 equum
231 1163 293 1221 eius
318 1168 389 1222 aure
416 1165 600 1239 phalerisque
626 1166 738 1223 eximiis
761 1171 934 1223 instrirctum
959 1171 1046 1241 cepe-

92 1279 169 1327 rant.
213 1270 293 1326 Dum
319 1269 407 1344 igitur
429 1270 572 1345 praedam
597 1271 673 1329 inter
696 1276 728 1329 se
756 1272 931 1330 altercantes
959 1272 1046 1347 parti·

91 1386 192 1445 untur,
214 1376 374 1451 Pompeius
400 1381 502 1434 eerum
527 1382 630 1435 manus
656 1377 767 1452 effugit.
809 1378 910 1435 Altere
935 1379 1048 1452 proelii)
1071 1411 1096 1441 ιο

92 1500 164 1539 cum
194 1481 333 1539 Metellus
358 1483 502 1557 Pompeie
527 1484 670 1541 laberanti
695 1484 801 1540 auxilie
825 1485 962 1556 venisset,
984 1485 1046 1542 Ser-

92 1588 187 1647 terius
212 1587 353 1646 recedere
378 1595 498 1647 coectus
523 1588 631 1649 dixisse
654 1589 760 1647 fertur:
791 1590 884 1648 “Nisi
907 1609 978 1647 anus
1001 1590 1049 1647 illa

91 1695 321 1770 supervenisset,
344 1713 399 1770 ego
420 1696 499 1756 hunc
527 1714 651 1771 puerum
679 1696 1047 1771 verberibus'castigaitum

92 1805 225 1860 Remum
247 1800 455 1860 dimisissem.”
498 1802 652 1861 Metellum
674 1821 762 1859 anum
784 1803 961 1877 appellebat,
979 1803 1048 1876 quia

90 1910 126 1979 is,
142 1908 202 1964 iarn
219 1925 318 1979 senex,
334 1907 372 1965 ad
394 1908 514 1966 mollem
536 1917 565 1966 et
587 1909 786 1966 effeminatam
808 1915 896 1966 vitam
919 1908 1046 1966 deflere
1071 1931 1094 1978 ¹5

91 2024 147 2071 rat.
191 2014 319 2072 Serterie
341 2014 495 2072 interfecte
518 2015 676 2089 Pompeius
699 2015 875 2089 Hispaniam
896 2015 1017 2089 recepit.

135 2121 214 2178 Cum
233 2126 343 2195 piretae
357 2121 406 2178 ilia
424 2126 599 2195 tempestate
615 2121 707 2178 maria
721 2121 821 2179 omnia
834 2120 1004 2178 infestarent
1019 2130 1048 2178 et

91 2225 239 2301 qu'a'sdam
261 2227 350 2284 etiam
373 2227 475 2284 Italiae
496 2228 583 2285 urbes
605 2227 800 2302 diripuissent,
816 2227 853 2285 ad
876 2232 926 2284 ees
948 2227 1045 2302 oppri-

91 2332 221 2390 mendes
250 2350 318 2390 curn
346 2332 472 2407 imperii>
500 2333 730 2391 extraerdinairie
760 2337 862 2391 missus
892 2343 935 2390 est
961 2335 1046 2390 Pom-

91 2438 188 2513 peius.
240 2439 358 2496 Nimiae
387 2439 439 2495 viri
470 2439 620 2512 potentiae
652 2439 834 2497 obsistebant
861 2438 982 2512 quidam
1011 2456 1095 2497 exzo

91 2544 287 2617 optimaitibus
309 2554 339 2601 et
359 2544 502 2618 imprimis
527 2544 653 2618 Quintus
671 2545 801 2603 Catulus.
845 2544 994 2617 Quicum
1017 2544 1046 2600 in

92 2649 235 2707 centiene
265 2649 393 2721 dixisset,
416 2668 480 2708 esse
509 2650 629 2724 quidem
658 2651 840 2725 praeclerum
869 2650 961 2707 virum
990 2651 1045 2708 Cn.

93 2755 281 2828 Pompeium,
297 2755 350 2812 sed
373 2760 433 2813 nen
457 2773 520 2813 esse
543 2761 593 2813 imi
615 2757 715 2812 omnia
739 2755 904 2826 tribuenda,
922 2754 1044 2813 adiecis-

91 2869 208 2933 setque,
245 2861 302 2919 “Si
326 2860 397 2934 quid
423 2861 491 2918 huic
515 2861 665 2932 acciderit,
690 2880 780 2935 quem
805 2862 835 2917 in
860 2862 921 2918 eius
946 2861 1045 2918 locum

92 2965 326 3023 substituetis?''
361 2972 477 3024 summe
512 2972 657 3024 censensu
692 2966 879 3023 succlemaivit
913 2967 1046 3024 universa
1067 3000 1092 3046 ²5

93 3070 214 3128 centie:
239 3074 257 3101 “
266 3072 320 3142 Te,
344 3072 454 3145 Quinte
476 3073 608 3130 Catule.”
650 3073 725 3129 Tam
751 3072 914 3129 honerifice
939 3073 1044 3128 civium

109 3330 129 3371 8.
146 3327 257 3382 phaleris,
269 3329 395 3385 trappings.
684 3341 718 3384 15.
734 3327 838 3379 mollem,
849 3327 900 3383 sust,
913 3326 1030 3381 unmanly.

96 3414 129 3445 11.
147 3401 271 3456 laberanti‚
283 3404 308 3444 in
319 3403 422 3446 distress.
683 3415 717 3446 20.
733 3401 827 3453 nimiae,
838 3401 959 3444 excessive.
