2378 3788
264 207 387 273 Caesar
408 209 610 273 Octavianus
632 210 805 294 Augustus
969 226 1010 292 93

57 449 252 508 perrumpere
274 431 363 490 etad
385 433 511 490 tribunal
531 432 652 507 propius
673 431 817 490 accedere
842 433 1011 492 canabatur.

59 537 152 613 Quod
173 556 241 596 cum
261 538 365 596 frastra
383 543 533 609 tentasset,
549 537 623 595 haec
637 538 728 595 verba
746 538 777 594 in
796 537 903 596 tabella
921 546 1011 613 scrip-

58 646 106 716 sit,
140 645 259 718 “Surge
284 643 415 716 tandem,
439 642 616 701 carnifexl’'
651 661 778 718 eamque
806 643 945 702 tabellam
973 645 1012 702 ad

58 754 226 825 Augustum
246 749 378 824 praiacit.
422 749 490 822 Qua
510 749 587 808 lacta
607 749 631 807 is
652 749 751 807 statim
772 750 894 808 surraxit
914 767 1012 825 neque

59 857 218 933 quisquam
240 866 284 914 est
305 865 400 932 morte
423 855 569 913 multatus.
1035 868 1047 917 ς

101 962 257 1022 Habitavit
284 962 430 1036 Augustus
455 962 486 1019 in
509 959 632 1020 aedibus
656 960 792 1033 modicis,
815 978 913 1035 neque
941 961 1011 1018 laxi-

58 1049 121 1128 tate
135 1086 232 1143 neque
247 1067 327 1126 cultri
342 1068 518 1143 canspicuis,
539 1085 574 1125 ac
593 1084 647 1142 per
665 1073 758 1125 annas
774 1066 900 1142 amplius
919 1067 1011 1142 quad-

58 1174 174 1249 raginta
205 1174 236 1231 in
263 1173 372 1232 eadem
400 1173 537 1233 cubicula
569 1173 667 1231 hieme
694 1182 724 1231 et
754 1179 864 1231 aestate
896 1174 1011 1232 mansit.

62 1277 203 1351 Supellex
240 1296 359 1353 quoque
398 1279 461 1337 aius
496 1279 546 1337 vix
579 1285 709 1354 privatae
744 1279 905 1354 'elegantiae
941 1290 1011 1338 erat.

60 1387 142 1443 Rara
162 1394 244 1443 veste
268 1384 325 1442 alia
349 1389 417 1443 risus
442 1394 487 1443 est
508 1403 597 1460 quam
622 1385 759 1443 canfecta
782 1386 820 1443 ab
843 1391 943 1456 uxare,
965 1404 1010 1444 so·
1035 1407 1061 1438 ιο

59 1497 137 1563 rare,
166 1490 230 1548 filia
257 1490 464 1566 neptibusque.
521 1492 599 1549 Item
627 1500 728 1548 tamen
756 1493 893 1563 Ramam,
922 1509 1011 1565 quam

60 1602 114 1672 pra
133 1596 285 1654 maiestate
304 1596 421 1670 imperii
440 1602 500 1655 nan
519 1596 588 1654 satis
608 1602 741 1654 amatam
759 1597 920 1668 invenerat,
935 1597 1013 1655 adea

60 1702 198 1773 excoluit,
220 1711 253 1759 ut
273 1701 335 1760 iare
359 1701 538 1777 glariaretur,
561 1720 756 1761 marmoream
781 1707 813 1760 s'e‘
838 1703 1011 1777 relinquere,

60 1826 151 1884 quam
171 1807 332 1866 latericiam
354 1808 528 1883 acc'e'pisset.

102 1915 211 1972 Farma
239 1913 294 1972 fuit
321 1915 473 1989 Augustus·
498 1914 607 1972 eximia
635 1925 665 1973 et
694 1933 748 1989 per
777 1919 880 1972 omnas
909 1915 1012 1972 aetatis
1035 1933 1059 1980 ¹5

59 2019 168 2096 gradus
187 2019 397 2077 venustissima.
442 2021 513 2078 Erat
532 2031 632 2078 tamen
657 2021 753 2078 omnis
778 2019 917 2077 lanacinii
940 2039 1010 2095 neg-

60 2125 162 2201 legens
198 2135 229 2183 et
263 2125 293 2182 in
321 2125 419 2201 capite
448 2124 597 2183 camenda
625 2136 686 2183 tam
714 2127 886 2196 incuriasuS,
915 2137 947 2183 ut
975 2131 1011 2183 ea

59 2232 125 2305 ipsa
157 2240 301 2306 tempore,
329 2236 390 2305 qua
420 2230 492 2288 illud
524 2233 689 2289 tansaribus
723 2232 931 2303 committeret,
962 2242 1012 2288 aut

59 2337 173 2412 legeret
193 2336 304 2410 aliquid
325 2346 376 2394 aut
397 2337 486 2394 etiam
508 2337 657 2396 scriberet.

101 2445 205 2500 Paucis
239 2448 320 2500 annis
353 2452 513 2517 antequam
546 2447 718 2514 moreretur,
749 2443 949 2518 gravissimam
981 2443 1012 2499 in
1033 2469 1061 2498 20

59 2548 221 2606 Germania
245 2548 362 2623 accapit
386 2547 511 2620 cladem,
537 2548 629 2607 tribus
654 2548 817 2623 legianibus
842 2567 910 2605 cum
935 2548 1012 2605 duce

58 2656 138 2712 Vara
163 2654 323 2729 lagatisque
348 2664 378 2712 et
402 2655 513 2712 auxiliis
538 2654 674 2713 omnibus
702 2661 802 2711 caesis.
846 2655 913 2711 Hac
938 2659 1010 2711 min·

58 2761 131 2819 tiata
146 2760 284 2819 excubias
302 2779 357 2835 per
374 2761 478 2819 urbem
498 2761 611 2832 indixit,
628 2765 665 2818 na
685 2761 749 2834 quis
765 2760 904 2817 tumultus
923 2761 1009 2817 exsis-

58 2876 145 2937 teret,
171 2877 202 2923 et
226 2872 347 2942 magnas
372 2866 457 2924 ladas
484 2868 548 2924 Iovi
576 2867 690 2941 optima
717 2867 845 2923 maxima
874 2866 962 2938 vavit,
987 2874 1011 2923 si

56 2978 104 3031 ras
137 2972 255 3046 publica
282 2973 312 3030 in
339 2973 492 3031 meliarem
520 2982 628 3030 statum
656 2972 798 3030 vertisset.
840 2970 926 3029 Adea
957 2971 1007 3029 da·
1033 2995 1058 3041 25

69 3176 92 3219 3.
108 3159 223 3215 camisex,
236 3161 388 3214 caeecutioner,
399 3161 502 3206 butcher.
562 3161 595 3205 16.
611 3160 729 3213 lanacinil,
740 3162 883 3206 adomment.

68 3238 90 3281 6.
107 3236 211 3288 laxitate,
221 3236 382 3292 spaciousness.
563 3237 597 3280 18.
613 3236 756 3288 tansaribus,
768 3236 868 3279 barbers.

54 3325 90 3356 11.
107 3308 229 3366 neptibus,
235 3309 458 3366 grand-daughters.
563 3322 598 3367 23.
614 3309 726 3352 excubias
733 3310 822 3363 indixit,
831 3308 931 3354 ordered
935 3309 1010 3352 watck

53 3399 91 3443 14.
110 3382 250 3436 laterIciam,
264 3383 369 3441 osbrick.
641 3387 663 3426 to
674 3383 699 3426 be
708 3382 767 3440 kept.
