2378 3788
142 221 183 280 28
364 217 459 280 Urbis
482 217 607 280 Romae
632 217 704 281 Viri
725 217 875 280 Illustrcs

141 440 271 514 pribrum
294 438 404 496 ducum
425 438 557 496 clidibus
575 438 707 510 edoctus
723 438 793 497 belli
813 439 959 497 ratibnem
980 445 1088 499 mutire

142 554 172 603 et
196 549 270 602 tueri
294 543 500 602 tantummodo
525 545 640 601 Italiam
664 544 824 602 cunstituit.
867 546 922 602 Per
947 546 1013 603 loca
1034 546 1091 604 alta

141 669 248 726 agmen
271 650 400 708 ducebat
422 648 543 707 modici>
571 650 609 708 ab
637 651 721 708 hoste
750 651 912 722 intervalli),
936 661 968 709 ut
996 664 1093 727 neque

141 758 290 814 omitteret
308 773 376 814 eum
394 774 490 830 neque
506 773 576 815 curn
592 761 628 813 ed
643 756 872 831 congrederetur
881 777 890 830 3
912 763 1024 830 castris,
1039 759 1095 816 nisi

107 884 118 930 5
141 872 283 937 quantum
298 862 457 920 necessitas
472 866 601 936 digeret,
618 862 699 919 miles
716 863 876 920 tenibitur.
912 863 981 920 Dux
995 881 1095 939 neque

142 968 291 1026 occasiuni
304 974 346 1025 rei
360 968 437 1025 bene
452 968 599 1042 gerendae
615 967 726 1038 deerat,
741 974 837 1042 siqua
853 968 891 1027 ab
908 967 993 1027 hoste
1009 970 1095 1029 dare-

141 1083 196 1144 tur,
212 1091 309 1146 neque
330 1073 418 1130 ullam
438 1073 501 1147 ipse
517 1072 593 1129 hosti
607 1073 705 1130 dabat.
748 1074 853 1147 Itaque
875 1091 943 1131 cum
965 1092 1003 1132 ex
1024 1076 1097 1134 levi-

141 1180 195 1237 bus
209 1178 327 1254 proeliis
342 1178 477 1253 superior
486 1177 663 1250 discideret,
676 1178 797 1236 militem
813 1179 908 1237 minus
923 1180 981 1236 iarn
993 1183 1099 1257 coepit

141 1293 191 1342 aut
207 1284 320 1342 virtutis
340 1302 409 1341 suae
429 1293 478 1340 aut
500 1283 633 1341 fortunae
655 1285 813 1358 paenitere,
829 1294 858 1343 et
879 1285 943 1361 ipse
964 1286 1097 1346 Cuncta-

94 1419 120 1448 10
141 1390 211 1447 turis
232 1395 343 1447 numen
364 1399 393 1447 et
414 1389 532 1447 laudem
554 1395 661 1446 summi
681 1389 764 1447 ducis
787 1391 902 1448 meruit.

182 1496 237 1553 His
256 1495 364 1553 artibus
381 1513 449 1552 curn
473 1494 673 1552 Hannibalern
696 1496 802 1554 Fabius
824 1496 854 1553 in
874 1501 944 1571 agni
966 1498 990 1555 F
992 1497 1097 1558 alernt’)

140 1602 272 1659 locurum
287 1601 426 1676 angustiis
441 1601 600 1673 clausisset,
616 1601 663 1659 ille
685 1602 747 1659 sine
766 1603 825 1661 silli)
844 1603 988 1660 exercitiis
1004 1604 1096 1662 detri-

88 1693 115 1745 ’·
141 1712 242 1764 menti)
264 1711 294 1764 εδ
317 1707 473 1781 expedivit.
517 1708 654 1781 Namque
676 1708 757 1765 arida
778 1719 924 1766 sarmenta
946 1709 976 1766 in
1001 1708 1097 1769 bourn

140 1813 279 1871 cornibus
300 1813 428 1887 diligata
448 1813 593 1887 principii>
615 1814 710 1871 noetis
734 1814 855 1872 incendi
879 1815 1029 1890 bovesque
1053 1818 1097 1877 ad

93 1944 117 1990 15
141 1923 265 1990 montes
291 1924 365 1993 quus
388 1921 517 1976 Rumani
537 1919 713 1992 insederant,
737 1927 783 1995 agi
807 1921 897 1979 iussit.
940 1923 1097 1996 Quicum

140 2030 271 2084 accensis
286 2026 423 2085 cornibus
438 2044 490 2101 per
505 2031 629 2098 montes,
645 2045 698 2101 per
719 2027 803 2085 silvas
823 2027 880 2085 hirc
898 2029 965 2087 illirc
980 2028 1095 2088 discur-

139 2143 246 2203 rerent,
270 2135 397 2190 Rumini
419 2134 557 2191 miraculi
578 2134 694 2191 attoniti
714 2135 926 2207 cdnstiterunt3
950 2136 1013 2211 ipse
1035 2138 1094 2195 Fa-

139 2238 214 2309 bius,
241 2237 361 2296 insidias
390 2257 453 2297 esse
482 2250 569 2312 ratus,
599 2241 720 2298 militem
749 2247 830 2299 extra
855 2242 963 2299 vallum
990 2244 1096 2319 egredi

139 2343 240 2402 vetuit.
283 2345 400 2403 Interea
422 2346 572 2404 Hannibal
594 2364 631 2404 ex
652 2348 790 2422 angustiis
811 2348 910 2406 evasit.

33 2481 34 2486 1
90 2478 119 2510 20
180 2449 259 2507 Dein
274 2451 432 2521 Hannibal,
449 2461 480 2508 ut
496 2452 519 2508 F
521 2453 588 2510 abiu
603 2453 682 2526 apud
697 2459 764 2511 suus
780 2455 920 2513 cdnflaret
939 2455 1093 2530 invidiam,

139 2572 240 2628 agrurn
255 2557 326 2627 Eius
342 2557 477 2615 omnibus
494 2558 572 2614 circei
586 2563 711 2628 vastatis,
728 2560 869 2617 intactum
886 2562 1008 2635 reliquit.
1051 2565 1094 2622 At

139 2660 246 2718 Fabius
267 2664 355 2718 nrissd
379 2664 506 2719 Rumam
529 2663 639 2736 Quinti)
660 2663 722 2722 filia
748 2665 917 2724 inviolatum
943 2666 1094 2726 ab·'hoste

139 2784 240 2840 agrum
268 2767 401 2825 vendidit
430 2768 550 2841 Eiusque
579 2770 674 2842 pretii>
702 2776 833 2844 captivus
863 2773 1015 2831 Rdniands
1046 2791 1092 2832 re·

139 2870 240 2928 demit.

90 3006 116 3052 ²5
180 2976 271 3034 Haud
286 2984 366 3052 grata
381 2987 479 3035 tamen
496 2980 637 3037 Rdmainis
648 2990 710 3037 erat
725 2981 808 3039 Fabii
822 2983 989 3056 cunctati65
1008 3002 1091 3043 eum-

138 3100 195 3156 que
219 3088 272 3157 pru
296 3088 383 3141 cautu
407 3084 552 3156 timidum,
568 3090 621 3159 pri)
645 3092 816 3144 cunctatbre
837 3093 957 3163 segnem
980 3091 1091 3149 vocita-

138 3187 217 3245 bant.
261 3190 396 3263 AugEbat
424 3190 565 3248 invidiam
594 3191 750 3262 Minucius,
780 3193 919 3268 magister
947 3196 1090 3269 equitum,

137 3293 311 3351 dietatdrem
338 3295 521 3353 criminandi)
533 3317 540 3367 ;
565 3296 646 3354 illum
667 3297 698 3354 in
719 3298 858 3357 ducendi)
883 3300 961 3359 bellu
985 3301 1090 3360 seduli)

137 3408 253 3474 tempus
276 3411 380 3471 terere,
400 3406 460 3475 qud
482 3402 589 3459 diritius
611 3403 640 3459 in
663 3404 831 3478 magistratu
853 3415 930 3463 esset
952 3407 1089 3482 stilusque
