2378 3788
408 197 551 275 Quintus
576 200 742 261 Sertorius
1013 216 1053 282 59

97 430 144 478 ret
166 424 199 478 so
218 430 375 478 vocantem
398 430 575 495 euntemque
595 425 773 495 sequeretur.
817 423 907 480 Hanc
926 422 982 481 sibi
998 423 1050 481 ob-

96 525 188 583 litam
214 526 350 584 divinitus
378 536 407 584 et
433 526 601 584 instinctam
627 527 741 585 Dionae
766 528 888 585 nomine
913 528 1052 602 conloqui

97 637 201 690 socum
227 637 406 707 munireque
430 642 459 691 et
484 632 603 704 docore,
629 650 705 707 quae
733 633 815 690 iutilia
839 634 919 690 sactri
944 644 1050 705 essent,

96 738 277 812 persuidore
300 739 435 798 omnibus
458 739 588 797 instituit
632 741 677 796 Ac
702 745 726 797 si
749 739 821 813 quid
846 739 946 797 dorius
970 740 1050 797 vido·

96 845 193 915 bitur,
210 844 293 918 quod
317 844 523 919 imperandum
552 844 691 903 militibus
719 850 845 917 esset,i
872 851 958 902 cervo
987 849 1050 902 soso
1075 872 1085 918 ς

96 950 244 1007 monitum
265 949 455 1023 praedicobat
474 951 648 1024 barbarique
672 950 771 1008 statim
790 949 829 1007 ad
849 952 958 1023 omnia,
976 960 1048 1009 tam·

96 1072 186 1129 quam
212 1055 347 1114 divinitus
371 1057 524 1131 imperita,
547 1056 756 1115 oboedie'bant.
800 1057 845 1113 Ea
869 1075 955 1114 cerva
980 1062 1050 1131 quo

96 1161 167 1218 dam
193 1160 251 1232 die,
273 1179 342 1218 cum
366 1162 492 1219 incursio
517 1172 594 1220 esset
616 1162 746 1220 hostium
770 1163 912 1235 nontiita,
933 1162 1049 1221 festini·

96 1266 178 1323 tione
203 1284 239 1322 ac
260 1268 387 1325 <tumulto
412 1273 599 1325 consternita
626 1268 657 1325 in
683 1267 782 1343 fugam
806 1272 871 1326 soso
896 1269 1048 1344 proripuit,

95 1381 186 1445 atque
208 1371 238 1428 in
259 1372 366 1446 palode
387 1374 521 1447 proximo
542 1373 659 1431 dolituit
680 1384 711 1431 et
731 1379 841 1448 perisse
863 1373 976 1432 crodita
994 1384 1048 1432 est.
1072 1408 1096 1439 ω

96 1477 205 1551 Neque
220 1477 316 1535 multis
331 1476 434 1537 diibus
448 1488 517 1553 post
530 1479 680 1537 inventam
698 1497 762 1537 esse
782 1498 899 1537 cervam
919 1480 1048 1538 Sertorio

87 1570 253 1640 nuntiatur.
295 1584 372 1641 Tum
387 1602 465 1656 eum,
477 1591 527 1659 qui
540 1586 733 1656 mintionem,
745 1585 828 1643 iussit
842 1589 950 1657 tacite,
962 1603 1047 1660 prae-

95 1689 245 1763 copitque,
270 1699 302 1746 ut
327 1707 393 1746 eam
417 1696 536 1764 postero
562 1690 611 1748 dio
635 1701 757 1765 repente
783 1691 815 1748 in
843 1710 910 1749 eum
938 1693 1046 1763 locum,

95 1794 125 1851 in
154 1800 215 1869 quo
243 1795 316 1869 ipse.
335 1813 403 1852 curn
431 1802 531 1854 amicis
559 1807 645 1869 esset,
670 1797 852 1855 immitteret.
905 1797 1047 1856 Admissis

95 1899 206 1958 deinde
222 1907 321 1959 amicis
336 1901 477 1975 postridie
493 1908 584 1960 visam
605 1903 661 1961 sibi
683 1904 724 1960 ait
744 1904 776 1960 in
797 1904 896 1979 quiote
918 1922 1046 1975 cervam,
1069 1932 1094 1980 15

94 2024 170 2081 quae
199 2012 331 2080 perisset,
351 2005 390 2063 ad
418 2012 449 2064 so
478 2015 582 2065 reverti
609 2019 648 2081 et,
669 2017 702 2066 ut
730 2010 808 2084 prius
836 2010 1045 2081 consuevisset,

94 2112 178 2187 quod
192 2129 267 2186 opus
282 2121 360 2169 esset
374 2111 461 2184 facto,
473 2113 650 2186 praedicere.
686 2113 713 2169 T
714 2130 764 2168 um
776 2111 903 2187 quidem,
909 2112 1045 2181 Sertorio,

94 2215 177 2291 quod
194 2216 396 2292 impertiverat,
412 2217 593 2291 significante
609 2236 696 2274 cerva
711 2219 817 2274 omissa
833 2217 864 2273 in
878 2216 1046 2274 cubiculum

94 2323 259 2396 introropit
304 2323 425 2382 Clomor
439 2325 532 2380 factus
549 2333 579 2380 et
596 2333 660 2381 orta
675 2324 808 2381 omnium
823 2323 977 2379 admirotio
993 2332 1045 2379 est.

96 2428 200 2502 anue
214 2426 369 2486 hominum
382 2428 572 2488 barbarorum
584 2428 739 2486 crodulitos
755 2428 883 2487 Sertorio
894 2428 924 2484 in
935 2433 1047 2500 mignis
1069 2452 1096 2482 ιο

95 2534 184 2591 robus
199 2538 306 2608 mogno
319 2537 384 2592 osui
397 2533 459 2590 fuit.

130 2635 235 2691 Victus
258 2640 364 2708 posteo
387 2639 405 2691 o
429 2634 571 2708 Pompoio
593 2638 705 2691 mitire
728 2633 856 2707 priorem
877 2636 1043 2690 monsuotri-

92 2740 194 2800 dinem
222 2739 366 2798 Sertorius
399 2748 429 2797 et
462 2739 500 2796 ad
534 2737 716 2796 irocundiam
745 2736 905 2795 doflectere
934 2738 1042 2813 coepit.

92 2846 205 2905 Multos
219 2844 260 2903 ob
278 2845 476 2920 suspicionem
496 2843 672 2919 proditionis
693 2844 852 2901 crudeliter
873 2843 1024 2901 interfocit
1033 2863 1042 2915 ;

90 2952 172 3011 unde
194 2951 334 3026 paulitim
356 2950 427 3010 odio
447 2968 511 3009 esse
528 2950 628 3025 coepit
646 2950 795 3008 exercitui.
838 2950 966 3007 Romimi
980 2966 1042 3006 mo·
1064 2982 1090 3029 ²5

90 3059 165 3117 lesto
182 3057 325 3129 ferobant,
341 3057 422 3132 quod
444 3057 585 3131 Hisponis
607 3056 700 3132 magis
723 3074 811 3131 quam
834 3054 890 3114 sibi
906 3054 1041 3113 confide·

91 3318 127 3361 18.
141 3314 288 3367 cubiculum,
299 3327 371 3359 room.
593 3314 628 3358 26.
644 3312 767 3369 Hisponis,
779 3311 917 3369 Spaniards.

89 3404 126 3435 η
141 3388 360 3443 πιίηεῑιέῐῡᾱίιιοω,
370 3388 489 3444 clemency.
