2378 3788
366 215 501 277 Marcus
529 214 659 277 Tullius
684 214 790 278 Cicero
1009 219 1049 295 83

96 436 221 495 tandem
248 455 316 495 eum
344 446 375 495 et
402 435 488 512 fugae
513 446 543 494 et
566 442 642 494 vitae
671 436 751 512 capit
778 455 984 512 regressusque
1012 437 1050 496 ad

95 544 204 618 villam,
244 542 414 614 “Moriar,”
441 542 546 616 inquit,
574 542 633 599 “in
660 542 756 617 patria
788 561 878 618 saepe
909 545 1050 602 servata.’'

96 648 173 710 Satis
198 653 324 720 constat,
345 643 572 706 adventantibus
600 648 820 723 percussoribus
845 654 942 708 servos
970 649 1049 708 forti-

96 764 143 813 ter
170 754 356 828 fidaliterque
384 758 503 830 paratos
531 753 620 811 fuisse
648 752 687 811 ad
715 752 928 826 dimicandum,
954 754 1050 830 ipsum

96 859 210 934 dopoui
234 860 369 917 lecticam
394 869 425 917 et
449 859 565 933 quiotos
590 865 659 934 pati,
684 859 766 934 quod
789 878 851 918 sors
875 861 976 935 iniqua
1000 867 1049 919 co·
1086 881 1096 927 5

95 975 189 1040 geret,
203 964 329 1023 iussisse.
371 965 554 1023 Prominenti
577 983 614 1022 ex
636 965 741 1023 lectica
761 975 792 1023 et
812 966 966 1024 immotam
987 985 1048 1025 cer·

95 1077 192 1128 vicem
220 1071 375 1146 praebenti
399 1080 489 1145 caput
513 1077 679 1145 praecisum
704 1080 758 1129 est.
801 1073 908 1130 Manos
930 1091 1049 1147 quoque

95 1175 228 1236 abscisae
239 1197 248 1249 3
276 1185 367 1251 caput
387 1177 510 1235 relatum
530 1187 574 1234 est
595 1175 634 1234 ad
653 1177 815 1235 Antonium
836 1177 957 1252 aiusque
972 1179 1050 1236 iusso

95 1301 166 1340 cum
187 1282 291 1341 dextra
310 1287 400 1340 manui
419 1282 450 1339 in
471 1287 570 1340 rostris
590 1282 729 1358 positum.

137 1389 237 1463 Quam
251 1387 303 1447 dia
317 1391 364 1446 r'e's
380 1388 500 1464 poblica
517 1389 654 1446 Romana
673 1406 728 1464 per
741 1393 793 1447 eos
807 1389 970 1464 gerebatur,
985 1390 1047 1465 qni·
1071 1416 1098 1447 ιο

95 1496 151 1554 bus
176 1498 209 1553 εδ
232 1493 297 1569 ipsa
320 1500 518 1567 commiserat,
541 1495 572 1551 in
595 1512 661 1552 eam
686 1499 770 1552 caras
795 1495 1048 1570 cogitationesque

94 1601 158 1659 fera
180 1605 284 1660 omnas
308 1605 374 1658 suas
397 1600 570 1659 conferobat
592 1600 699 1659 Cicero
725 1610 754 1658 et
778 1600 843 1675 pluis
865 1619 973 1676 operae
994 1607 1047 1677 po-

94 1708 187 1766 nabat
220 1707 251 1764 in
285 1706 402 1782 agendo
435 1725 525 1782 quam
559 1707 590 1763 in
625 1705 791 1765 scribendo.
842 1707 919 1765 Cum
949 1718 1049 1765 autem

95 1812 250 1871 dominata
280 1817 364 1870 ornus
394 1813 461 1871 hilii
488 1812 622 1871 Caesaris
654 1813 754 1870 omnia
787 1817 962 1884 tenorentur,
988 1819 1048 1871 non

94 1923 127 1976 εδ
148 1918 307 1993 angoribus
329 1916 445 1976 dedidit
469 1936 526 1976 nec
549 1917 676 1993 indignis
698 1918 818 1976 homine
841 1917 931 1977 docto
945 1919 1046 1993 volup·
1070 1942 1094 1990 15

94 2024 214 2083 tatibus,
257 2023 384 2099 Fugions
408 2029 602 2099 conspectum
616 2023 684 2081 Fori
711 2009 850 2098 urbisque
874 2029 940 2082 rina
964 2043 1046 2100 pera·

93 2130 208 2205 grabat,
226 2129 415 2205 abdabatque
443 2134 474 2188 εδ
505 2139 648 2204 quantum
677 2129 794 2201 licabat,
817 2140 846 2186 et
871 2131 948 2188 solus
977 2141 1046 2188 erat.

95 2235 180 2292 Nihil
201 2253 287 2310 agere
311 2245 411 2293 autem
433 2254 501 2293 cum
524 2236 638 2292 animus
661 2240 721 2292 non
743 2245 852 2309 posset,
874 2236 1048 2294 existimavit

93 2341 301 2399 honestissime
327 2340 476 2399 molestias
499 2359 587 2416 posse
611 2339 730 2416 doponi,
752 2347 776 2398 si
800 2345 831 2399 εδ
856 2340 894 2398 ad
918 2341 1046 2416 philoso-

92 2447 198 2523 phiam
221 2446 387 2517 rettulisset,
410 2448 458 2504 cui
481 2447 655 2505 adulascons
682 2447 807 2503 multum
833 2447 973 2521 temporis
998 2448 1046 2504 tri·
1068 2470 1096 2502 20

93 2554 209 2624 buerat,
231 2562 261 2610 et
284 2570 373 2610 omne
399 2551 529 2610 studium
553 2558 713 2627 coramque
740 2552 884 2610 convertit
912 2551 949 2609 ad
978 2559 1046 2610 scri-

92 2657 247 2730 bendum,
268 2668 358 2733 atque
374 2668 407 2716 ut
424 2659 535 2717 civibus
549 2659 639 2716 etiam
654 2660 765 2716 otiosus
780 2657 891 2732 aliquid
905 2657 1046 2732 prodesse

93 2773 206 2839 posset,
228 2763 396 2836 §laboravit
418 2774 451 2822 ut
478 2763 627 2822 doctioros
655 2765 759 2822 fierent
788 2774 817 2821 et
846 2764 1046 2838 sapientioros,

92 2871 238 2946 pluraque
258 2870 339 2928 brevi
357 2879 492 2945 tempore
510 2874 611 2928 aversa
629 2875 660 2928 ra
679 2870 798 2945 poblica
818 2870 941 2944 scripsit,
957 2887 1045 2944 quam

92 2976 193 3034 multis
214 2981 296 3033 annis
318 2981 354 3033 ea
375 2985 470 3033 stante
492 2982 656 3050 scripserat.
698 2975 744 3034 Sic
761 2975 918 3033 facundiae
941 2985 970 3032 et
992 2976 1045 3031 La·
1068 2996 1093 3040 25

91 3087 221 3140 tinarum
239 3081 401 3139 litterarum
419 3085 525 3156 par'e'ns
546 3081 637 3139 avasit
659 3081 813 3155 paruitque
827 3082 954 3138 virorum
971 3082 1045 3154 sapi-

91 3282 114 3328 5.
131 3269 250 3323 lecticam,
260 3268 332 3315 litter.
548 3279 581 3326 15.
596 3268 732 3324 angoribus,
743 3269 861 3314 vexation.

91 3346 114 3390 6.
129 3344 283 3398 prominenti,
294 3346 391 3404 leaning
399 3352 444 3392 out.
549 3345 582 3388 16.
598 3344 659 3394 mira,
670 3345 708 3385 the
719 3347 820 3397 country.

90 3431 113 3475 7.
129 3418 256 3471 cervicem,
266 3416 331 3464 neck.
548 3430 583 3477 25.
599 3416 726 3461 facundiae
741 3415 794 3474 (for,
805 3415 871 3473 lari),
884 3416 1010 3471 eloquence.
