2378 3788
186 186 228 262 48
410 185 508 248 Urbis
529 187 656 249 Romae
688 187 761 250 Viri
782 187 933 250 Illrcstres

185 405 286 479 inquit,
308 409 360 462 “si
381 409 410 463 te
430 405 583 464 Gracchus
604 408 716 482 templo
739 407 817 465 lovis
838 408 869 465 in
890 408 1041 483 Capitolio
1063 409 1142 468 faces

184 509 311 568 subdere
349 513 487 582 iussisset,
520 513 750 570 obsecuturusne
782 515 855 573 illius
885 517 1029 573 voluntati
1064 520 1142 575 suisti

184 627 306 690 propter
330 615 427 687 istam,
452 633 541 689 quam
565 616 665 688 iactas,
690 616 961 676 familiaritatem?”
1012 623 1031 650 “
1044 620 1138 677 Num-

183 723 301 796 quam,”
331 721 426 795 inquit
452 721 590 794 Blossius,
620 722 788 780 “voluisset
814 723 846 781 id
874 723 1005 798 quidem,
1034 724 1090 784 sed
1117 732 1139 784 si

150 854 161 900 5
183 827 331 899 voluisset,
353 827 544 902 pamissem.”
590 828 712 885 Nefaria
733 839 778 886 est
799 847 835 887 ea
854 835 931 901 vox,
957 830 1037 888 nulla
1058 831 1137 889 enim

184 944 228 992 est
250 934 399 991 excusatio
421 939 546 1008 peccati,
566 941 589 992 si
609 941 696 992 amici
717 940 805 994 causa
825 937 1004 1010 peccaveris.

225 1041 328 1097 Exstat
355 1042 411 1099 G'ai
437 1040 565 1097 Gracchi
586 1044 602 1098 ἓ
622 1041 754 1099 Sardinia
768 1042 896 1099 Romam
911 1049 1020 1101 reversi
1033 1045 1136 1116 oratio,

184 1148 213 1204 in
228 1153 286 1221 qua
300 1165 368 1203 cum
389 1147 445 1204 alia
468 1157 530 1204 tum
551 1147 626 1204 haec
648 1148 687 1206 de
703 1153 734 1206 se
753 1153 867 1206 narrat:
891 1149 1057 1207 “Versatus
1073 1168 1136 1208 sum

186 1255 216 1311 in
236 1254 395 1327 provincia,
411 1253 564 1328 quomodo
586 1273 623 1312 ex
643 1259 696 1312 usu
716 1261 814 1312 vestro
837 1256 1040 1314 existimabam
1062 1275 1135 1328 esse,

137 1387 163 1418 ιο
185 1367 245 1417 non
274 1360 427 1435 quomodo
457 1361 611 1418 ambitioni
645 1379 728 1418 meae
763 1361 930 1419 conducere
965 1363 1135 1422 arbitrabar.

187 1468 285 1525 Nemo
310 1476 408 1542 potest
426 1471 495 1524 vere
519 1466 627 1537 dicere,
643 1485 737 1525 assem
757 1476 807 1525 aut
822 1473 859 1525 eo
880 1468 945 1542 plus
965 1469 996 1526 in
1014 1469 1136 1527 muneri·

186 1575 239 1632 bus
265 1579 312 1631 me
336 1573 485 1647 accepisse
510 1583 560 1630 aut
584 1579 651 1631 mei
672 1580 760 1632 causa
783 1591 963 1648 quemquam
985 1579 1136 1649 sumptum

187 1681 302 1738 fecisse.
344 1681 447 1751 Zonas,
468 1685 540 1753 quas
565 1681 662 1737 Roma
684 1680 873 1754 proficiscens
897 1680 999 1754 plenas
1025 1687 1137 1757 argenti

186 1786 284 1857 extuli,
306 1791 355 1842 eas
380 1803 417 1842 ex
441 1786 592 1859 provincia
615 1785 715 1842 inanes
742 1786 846 1842 rettuli.
889 1785 946 1842 Alii
969 1786 1136 1861 amphoras,

136 1919 160 1964 ις
186 1898 257 1966 quas
272 1897 330 1947 vini
344 1891 445 1965 plenas
464 1891 638 1963 extulerunt,
654 1896 702 1948 eas
723 1895 845 1965 argento
865 1890 991 1966 repletas
1012 1891 1136 1950 domum

186 1997 398 2071 reportarunt.”

447 2255 547 2309 XIX.
585 2255 696 2310 Gciius
716 2255 871 2312 Marius.

224 2423 258 2481 C.
282 2423 403 2495 Marius,
418 2423 521 2481 humili
542 2424 610 2482 loco
632 2430 726 2496 natus,
742 2425 860 2482 militiae
885 2425 1085 2484 rudimentum
1108 2429 1136 2485 in

185 2529 331 2602 Hispainia
351 2529 427 2586 duce
447 2530 584 2603 Scipione
604 2531 711 2604 posuit.
755 2532 825 2588 Erat
843 2530 984 2605 imprimis
1005 2532 1137 2606 Scipioni

184 2641 268 2691 cairus
291 2635 330 2693 ob
355 2635 530 2710 singularem
550 2636 689 2693 virtutem
712 2645 742 2694 et
763 2636 918 2710 impigram
943 2636 982 2694 ad
1006 2640 1137 2712 pericula

136 2767 164 2798 20
185 2750 215 2796 et
242 2740 357 2797 labores
385 2741 575 2798 alacritatem.
633 2742 710 2799 Cum
738 2742 898 2816 aliquando
925 2743 1002 2801 inter
1028 2748 1137 2801 'cinam

184 2845 352 2919 Scipionem
376 2846 497 2920 quidam
522 2847 738 2922 interrogasset,
761 2854 785 2904 si
809 2847 881 2922 quid
905 2848 946 2905 illi
970 2847 1136 2920 accidisset,

183 2969 343 3025 quemnam
374 2957 419 3010 res
450 2952 569 3027 publica
599 2957 694 3026 aeque
725 2959 863 3028 maignum
894 2953 1028 3011 habitura
1059 2964 1138 3013 esset

183 3057 402 3131 imperatorem,
438 3057 537 3132 Scipio
574 3064 714 3133 percusso
757 3060 862 3116 liniter
899 3062 993 3116 Marii
1023 3067 1136 3132 umero,

184 3163 350 3220 “Fortasse
373 3162 480 3234 hunc,’'
504 3164 607 3238 inquit.
664 3164 732 3237 Qud
758 3166 838 3221 dicto
861 3166 1003 3221 excitatus
1025 3166 1137 3224 Marius

147 3305 172 3352 ²5
184 3267 288 3342 dignos
309 3269 404 3339 rebus,
427 3275 498 3343 quis
520 3276 625 3342 postea
645 3270 743 3343 gessit,
764 3269 879 3343 spiritus
901 3269 1049 3344 concepit.

224 3374 262 3447 Q.
279 3374 434 3431 Metellum
451 3374 482 3431 in
502 3373 675 3432 Numidiam
690 3380 794 3432 contra
812 3374 983 3453 Iugurtham
1004 3377 1136 3448 missum,
