2378 3788
286 213 407 278 Caesar
429 214 631 278 Octavianus
653 215 826 298 Augustus
992 217 1033 294 87

80 437 183 494 culum
199 435 239 493 ad
257 436 396 494 lectulum
416 436 529 512 recepit
548 445 578 494 et
596 446 629 494 ut
647 435 802 494 dominum
818 436 916 495 occidi
932 454 1033 512 passus

80 553 136 601 est.
173 542 312 615 “Quanti
326 542 379 599 viri
393 543 467 613 est,”
479 541 564 599 addit
578 543 699 613 Seneca,
712 547 728 572 ‘⁴
736 560 804 599 cum
819 542 951 618 praemia
965 547 1032 617 prri-

78 647 203 706 ditienis
231 647 361 722 ingentia
389 646 591 719 ostendantur,
617 647 780 723 praemium
809 646 879 706 fidei
906 658 1033 706 mortem

78 760 292 830 concupiscere
307 754 341 810 !’'

122 860 302 920 Octevienus
316 858 426 917 deinde
446 859 489 916 M.
504 859 635 930 Bnitum,
650 858 869 917 interfecterem
889 859 1031 930 Caesaris,
1055 873 1065 920 5

77 967 161 1026 belle
182 971 354 1042 persecirtus
374 964 406 1023 id
431 964 550 1035 bellum,
572 982 751 1039 quamquam
777 965 920 1022 invalidus
944 975 1032 1039 atque

77 1091 179 1148 aeger,
200 1071 312 1149 duplici
336 1071 450 1147 proelii)
476 1070 634 1145 trensegit5
662 1075 787 1145 querum
812 1071 909 1146 priere
932 1077 1032 1129 castris

79 1184 186 1238 exutus
200 1179 249 1236 vix
268 1178 336 1253 fuge
352 1177 452 1236 evesit.
493 1177 596 1235 Victor
615 1176 803 1236 acerbissime
822 1181 854 1235 se
872 1177 961 1251 gessit
971 1198 980 1249 3
1003 1177 1033 1233 in

78 1284 296 1344 nebilissimum
311 1302 458 1359 quemque
474 1289 623 1358 captivum
637 1287 699 1341 nen
712 1282 775 1340 sine
791 1283 946 1340 verberum
961 1301 1031 1340 con-

78 1391 204 1450 tumelie
230 1390 340 1449 saeviit.
388 1376 449 1449 Uni
482 1389 653 1466 suppliciter
687 1387 866 1463 sepulteram
901 1395 1033 1462 precanti
1055 1410 1081 1440 ιο

78 1495 271 1572 respondisse
286 1496 400 1566 dicitur,
413 1496 471 1552 iam
486 1496 572 1554 istam
586 1496 616 1553 in
631 1495 782 1553 volucrum
798 1495 860 1552 fore
875 1501 1031 1570 potestate.

78 1603 173 1675 Alies,
194 1611 309 1678 patrem
330 1613 361 1660 et
381 1601 484 1673 filium,
506 1607 561 1677 pre
581 1607 640 1660 vitai
659 1605 805 1676 rogantes,
827 1607 922 1659 sortiri
943 1601 1033 1658 fertur

78 1709 208 1779 iussisse,
230 1718 262 1766 ut
283 1709 413 1766 altemtri
438 1707 660 1779 concederetur,
682 1726 717 1765 ac
749 1725 817 1764 cum
848 1717 941 1783 patre,
963 1707 1033 1780 quia

78 1821 113 1874 se
135 1815 289 1886 obtulerat,
309 1819 409 1873 occise
430 1814 507 1872 filius
526 1832 644 1889 quoque
664 1814 826 1872 volunterie
845 1812 1032 1870 occubuisset

78 1939 166 1992 nece,
182 1926 329 1996 spectasse
344 1930 499 1994 utrumque
520 1921 706 1978 morientem.
749 1906 841 1978 (itere
856 1919 971 1976 veniam
986 1919 1031 1975 vel
1055 1944 1078 1990 15

80 2031 221 2086 excrisere
237 2031 268 2084 se
288 2027 462 2084 conantibus
480 2031 539 2085 fine
552 2031 627 2084 vece
647 2027 829 2096 occurrebat,
846 2024 1031 2082 moriendum

79 2151 156 2192 esse.
199 2133 334 2191 Scribunt
359 2131 490 2206 quidam,
515 2137 664 2190 trecentos
690 2150 726 2217 ex
750 2130 896 2189 dediticiis
922 2131 1031 2188 electris

79 2239 216 2297 aderam
232 2237 300 2297 dive
319 2237 395 2297 Iirlie
417 2242 595 2296 exstrirctam
613 2224 717 2295 idibus
738 2237 849 2295 Mertiis
871 2236 1031 2294 hostiirum

80 2350 165 2403 mere
184 2348 335 2403 mactatos.

120 2449 311 2508 Abalienetus
330 2455 434 2526 postee
453 2459 497 2507 est
518 2449 556 2507 ab
577 2449 716 2521 Anteniri,
731 2449 812 2523 quod
834 2449 858 2505 is
880 2447 1032 2522 repudietri
1053 2471 1080 2502 20

79 2556 206 2616 Octevie
233 2560 333 2614 sotere
358 2555 558 2630 Cleopatram,
584 2556 710 2629 Aegypti
737 2559 876 2629 reginam,
902 2554 1032 2611 dixisset

78 2667 223 2733 uxerem;
245 2679 320 2736 quae
335 2660 458 2735 quidem
475 2661 579 2718 mulier
593 2679 660 2718 cum
676 2661 806 2717 Antenie
823 2659 890 2717 luxti
910 2670 940 2716 et
959 2659 1031 2717 deli-

78 2769 133 2826 ciis
148 2767 288 2826 certebat.
329 2752 399 2826 Une
413 2771 444 2825 se
456 2771 530 2825 cene
541 2767 673 2824 centiens
685 2765 850 2824 sestertium
861 2766 1029 2840 absumptu-

77 2893 142 2933 ram
164 2871 323 2947 aliquande
345 2873 468 2930 dixerat.
511 2872 657 2946 Cupiebat
677 2871 791 2929 discere
808 2871 962 2940 Antenius,
978 2870 1031 2928 sed

77 2982 144 3038 fieri
162 2996 251 3054 posse
273 2984 333 3036 nen
355 2978 557 3036 arbitrebetur.
600 2980 721 3034 Posteri>
742 2977 828 3051 igitur
849 2975 898 3034 die
920 2976 1029 3051 megni-
1051 3005 1077 3051 25

77 3088 169 3144 ficam
193 3084 264 3142 alies
289 3089 403 3156 cenam,
429 3083 483 3141 sed
508 3082 699 3140 cottidienam
724 3081 859 3140 Antenie
884 3081 1030 3156 apposuit,

78 3267 98 3298 1.
115 3251 236 3304 lectulum,
247 3252 323 3304 conch,
334 3250 383 3295 bed.
601 3261 635 3304 19.
651 3249 773 3301 meotides,
784 3247 939 3304 slaughtered.

76 3343 98 3385 4.
116 3327 294 3382 concupiscere,
305 3324 368 3368 inch.
380 3323 407 3367 of
415 3324 495 3380 copie.
600 3335 635 3379 23.
651 3322 755 3366 centiens
771 3321 912 3373 sestertium,
925 3325 962 3364 ten
978 3319 1030 3363 mil-

78 3416 114 3459 17.
131 3397 565 3456 deditIciis(dede),prisonersoswur
629 3397 678 3439 lion
688 3401 795 3440 sesterces
806 3395 890 3452 (about
900 3393 1030 3452 3410900).
