2378 3788
140 215 185 281 90
265 151 268 155 <
356 197 454 261 Urbis
475 198 603 260 Romae
634 197 706 261 Vin·
733 197 886 260 Illustrcs

148 422 151 426 ’
183 418 311 479 Pedibus
328 437 417 494 saepe
437 437 490 494 per
508 419 612 478 urbem
631 418 790 478 incedEbat
810 425 984 495 summaque
1006 421 1097 479 corni-

142 531 200 583 tite
216 523 359 583 adeuntes
380 525 556 600 excipiebat.
599 525 746 585 Convenit
760 525 919 600 aliquando
934 543 1004 584 eum
1017 537 1098 584 vete-

141 637 227 689 ranus
242 630 334 702 miles,
349 637 400 705 qui
413 637 534 690 vocitus
554 628 586 689 in
606 631 650 689 iiis
670 630 895 706 periclitabatur,
912 632 1096 707 rogavitque,

141 747 173 795 ut
194 737 248 796 sibi
270 735 387 795 adesset
398 757 406 809 3
435 738 534 795 statim
554 725 702 812 Augustus
724 742 816 795 finum
837 741 854 796 δ
875 737 1020 796 comitatis
1042 744 1096 796 suo

106 855 116 902 5
141 843 229 918 elegit
249 842 435 915 advocatum,
459 850 509 918 qui
530 844 707 919 litigatorem
729 843 963 902 commendaret.
1015 845 1096 902 Tum

140 955 295 1008 veteranus
332 950 515 1021 exclamavit,
554 952 622 1007 “At
655 954 715 1008 non
748 966 814 1025 ego,
847 954 877 1008 te
908 949 1095 1024 periclitante

141 1055 219 1113 bello
240 1056 373 1128 Actiaco,
395 1056 536 1114 vicarium
558 1061 696 1130 quaesivi,
716 1054 770 1113 sed
794 1055 857 1131 ipse
882 1059 936 1129 pro
965 1059 995 1113 te
1020 1060 1094 1131 ptig-

140 1163 234 1233 navi‚”
265 1162 409 1237 simulque
435 1161 549 1220 detexit
578 1162 738 1220 cicatrices.
794 1147 918 1219 Erubuit
944 1163 1095 1236 Augustus

140 1276 228 1341 atque
250 1267 314 1343 ipse
335 1268 415 1326 venit
436 1268 466 1325 in
487 1267 723 1326 advocationem.

94 1391 120 1421 10
181 1373 257 1432 Cum
291 1383 359 1449 post
389 1373 541 1431 Actiacam
570 1373 723 1431 victoriam
754 1372 932 1431 Octavianus
961 1374 1094 1432 Romam

141 1483 342 1550 reverteretur,
362 1480 490 1538 occurrit
512 1485 540 1537 ei
558 1479 634 1537 inter
652 1479 830 1553 gratulantes
850 1479 950 1555 opifex
971 1471 1094 1554 quidam

140 1602 261 1643 corvum
290 1590 402 1656 tenens,
431 1603 520 1659 quem
546 1585 710 1643 instituerat
738 1585 812 1642 haec
840 1583 959 1643 dicere:
992 1588 1094 1658 “AvE,

140 1691 258 1762 Caesar,
277 1693 380 1763 victor,
400 1690 559 1765 impertitor
572 1694 577 1748 l
589 1692 605 1716 ”
658 1691 780 1748 Miratus
799 1690 911 1749 Caesar
929 1689 1095 1749 officiosam

140 1815 224 1854 avem
245 1796 345 1871 viginti
366 1796 482 1855 milibus
504 1801 692 1854 nummorum
715 1796 794 1853 emit.
837 1797 941 1854 Socius
967 1796 1092 1871 opificis,

93 1924 117 1972 ις
140 1901 178 1959 ad
199 1920 289 1976 quem
308 1901 379 1959 nihil
401 1921 437 1960 ex
458 1902 507 1960 illa
527 1901 699 1961 liberalitate
722 1906 903 1977 pervenerat,
922 1901 1093 1960 adfirmavit

139 2008 259 2067 Caesari
277 2008 385 2066 habere
405 2007 485 2065 illum
506 2016 535 2066 et
556 2007 643 2065 alium
665 2026 795 2079 corvum,
814 2024 904 2082 quem
922 2017 956 2065 ut
977 2007 1093 2066 adferre

100 2124 110 2131 “’
125 2118 295 2189 'cogeretur
320 2113 439 2188 rogavit.
481 2112 604 2172 Adlatus
628 2113 728 2185 verba,
753 2131 830 2187 quae
857 2112 1013 2186 didicerat,
1044 2132 1092 2172 ex·

139 2220 262 2294 pressit:
306 2221 405 2290 “Ave
440 2220 559 2291 Antoni,
594 2221 697 2291 victor,
736 2219 944 2293 imperatorl”
1012 2219 1093 2276 Nihil

140 2330 326 2400 exasperatus
354 2325 464 2384 Caesar
494 2324 563 2382 satis
597 2323 689 2394 duxit,
718 2324 820 2382 iubere
850 2323 932 2381 illum
960 2323 1092 2383 dividere

90 2454 118 2485 20
139 2429 311 2489 donativum
331 2449 399 2488 cum
418 2430 629 2489 contubernali.
672 2429 817 2488 Salirtatus
834 2429 967 2487 similiter
985 2435 1003 2487 a
1022 2431 1090 2505 psit·

139 2542 206 2595 tacti
228 2543 286 2594 emi
308 2554 374 2594 eum
396 2536 493 2594 iussit.-

180 2643 357 2717 Exemplum
379 2647 509 2699 sutorem
532 2658 695 2717 pauperem
717 2641 891 2711 sollicitavit,
912 2650 945 2698 ut
970 2659 1091 2700 corvum

137 2749 301 2806 institueret
318 2747 364 2805 ‚ad
390 2765 491 2822 parem
517 2746 731 2805 salutationem.
781 2747 840 2820 Qui
864 2745 1019 2820 impendio
1044 2766 1091 2805 ex·

139 2855 257 2912 haustus
279 2871 367 2927 saepe
390 2853 428 2910 ad
453 2870 538 2910 avem
563 2857 624 2910 ndn
649 2852 880 2927 respondentem
900 2850 1000 2910 dicere
1022 2853 1091 2911 solc-

89 2983 115 3031 25
138 2960 206 3019 bat:
241 2959 368 3034 “Opera
396 2968 426 3017 et
454 2958 589 3033 impensa
617 2958 751 3033 periit!’²
795 2956 964 3033 Aliquando
991 2966 1092 3016 tamen

151 3180 172 3222 4.
189 3164 310 3219 comitatis,
321 3164 387 3210 suite.
640 3176 675 3208 20.
691 3163 798 3220 psittaco,
811 3167 902 3220 parret.

151 3254 173 3296 7.
189 3239 310 3292 vicarium,
321 3239 446 3284 substitute.
640 3251 675 3282 22.
691 3239 804 3289 sutorem,
824 3237 920 3282 cobbler.

139 3327 173 3371 14.
188 3314 270 3370 viginti
301 3313 397 3357 milibus
428 3313 589 3364 nummorum,
640 3325 675 3368 23.
691 3311 824 3368 impendio,
836 3312 919 3366 sudas,
930 3317 1036 3369 expense.

224 3393 307 3446 twenty
339 3389 455 3432 thousand
485 3391 590 3450 sesterces
642 3397 676 3443 25.
693 3386 808 3442 impensa,
819 3385 847 3430 cf.
858 3385 990 3442 impendio.

219 3463 308 3524 (about
323 3462 409 3523 5820).
