2378 3788
320 235 457 298 Marcus
478 235 607 298 Atilius
630 235 781 318 Regulus
1005 249 1043 315 25

101 458 255 530 periculum
275 461 371 514 astuto
388 461 530 531 responso
551 457 664 514 avertit.
707 461 725 487 “
737 457 807 514 Hoc
827 458 925 527 ver6,”
941 456 1045 530 inquit,

98 566 145 621 “si
159 563 298 634 feceritiS,
313 563 403 620 nihilo
419 564 498 620 eritis
513 547 589 620 [liris
609 562 774 620 meliores’'
816 563 927 622 Consul
948 568 1046 620 tacere

94 669 175 727 iussit
199 674 260 739 eos,
282 674 332 743 qui
355 674 408 743 par
432 675 495 743 pari
518 668 618 725 referri
641 668 788 739 volcbant,
812 678 841 726 et
868 669 1047 726 conveniens

90 775 226 850 gravitati
254 775 406 831 Romanae
436 778 610 848 responsum
638 773 740 831 dedit:
777 775 870 832 “Isto
898 779 927 832 te
956 779 1046 845 metii,

91 881 216 951 Hanno,
237 879 312 937 fides
337 880 473 937 Romana
500 879 632 937 liberat.’'
675 880 723 936 De
751 885 834 953 pice,
856 881 925 954 quia
949 898 1046 954 neque
1070 900 1080 947 5

90 987 211 1044 Poenus
234 985 310 1043 sirio
336 985 442 1060 agebat
467 996 497 1043 et
521 984 625 1042 consul
648 986 801 1043 victoriam
823 1003 913 1059 quam
940 992 1046 1060 pacem

90 1091 231 1162 malibat,
254 1095 314 1148 non
335 1089 483 1148 convenit.

134 1197 265 1271 Regulus
280 1193 390 1253 deinde
405 1196 435 1253 in
449 1182 578 1253 [liricam
594 1202 704 1270 primus
719 1198 921 1254 Romanorum
936 1197 1046 1256 ducum

91 1301 218 1360 traiecit.
263 1301 405 1376 Clypeam
416 1302 519 1360 urbem
536 1312 565 1360 et
579 1311 713 1360 trecenta
727 1303 846 1360 castella
860 1304 1046 1378 expugnavit,

92 1424 193 1481 neque
211 1424 280 1464 cum
301 1407 469 1466 hominibus
490 1417 613 1479 tantum,
635 1407 689 1466 sed
711 1407 800 1466 etiam
822 1427 890 1465 cum
911 1414 1047 1467 monstris
1070 1438 1096 1468 10

92 1512 253 1570 dimicavit.
296 1513 374 1569 Nam
389 1531 458 1570 cum
473 1512 511 1570 ad
526 1513 636 1570 flumen
656 1513 821 1587 Bagradam
842 1524 937 1571 castra
957 1515 1045 1573 habe-

94 1628 149 1689 ret,
178 1618 281 1693 anguis
309 1623 381 1675 mira
411 1617 615 1692 magnitiidine
649 1619 810 1676 exercitum
846 1622 1047 1678 Romanorum

94 1724 220 1783 vexabat
231 1744 239 1795 ;
275 1723 381 1781 multos
410 1724 516 1782 milites
544 1724 655 1799 ingenti
682 1729 733 1782 ore
761 1725 902 1800 corripuit
913 1747 920 1797 ;
951 1727 1048 1801 pliires

95 1829 209 1886 caudae
230 1829 352 1888 verbere
374 1829 448 1887 elisit
459 1849 467 1902 3
492 1830 648 1888 nonnullos
672 1830 737 1903 ipso
758 1832 921 1905 pestilentis
942 1832 1047 1890 halitus

95 1935 206 1994 adflatii
233 1934 419 1993 exanimavit.
475 1935 583 2009 Neque
611 1935 634 1993 is
663 1936 789 1994 telorum
818 1937 878 1995 ictri
907 1937 1094 2013 perforari15

95 2049 222 2116 poterat,
245 2040 399 2098 dirissima
426 2046 612 2115 squamarum
640 2042 729 2100 lorica
756 2043 856 2100 omnia
879 2043 938 2100 tila
962 2043 1047 2101 sacile

95 2146 267 2220 repellente.
309 2146 549 2221 Confugiendum
564 2147 617 2204 luit
632 2147 670 2205 ad
688 2148 836 2205 machinas
858 2147 1047 2223 advectisque

95 2252 216 2311 ballistis
232 2263 262 2310 et
276 2253 439 2326 catapultis,
453 2253 532 2310 velut
547 2270 598 2309 arx
613 2252 760 2326 quaedam
782 2259 901 2325 munita,
917 2254 1046 2313 deicien-

96 2357 151 2416 dus
176 2357 268 2416 hostis
296 2358 357 2416 fuit.
401 2357 538 2414 Tandem
566 2363 702 2416 saxorum
730 2358 863 2432 pondere
891 2377 1047 2434 oppressus

95 2464 193 2536 iacuit,
216 2462 269 2521 sed
291 2469 394 2522 cruore
419 2468 471 2520 suo
494 2463 603 2521 fliimen
624 2465 814 2538 corporisque
836 2466 975 2539 pestifero
996 2466 1047 2524 ad·
1069 2493 1097 2525 20

95 2569 166 2628 flatir
179 2575 275 2627 vicina
288 2568 354 2628 loca
367 2556 471 2626 iniecit
493 2570 704 2644 Romanosque
725 2580 821 2626 castra
837 2570 907 2627 inde
928 2572 1046 2629 submo-

94 2680 164 2734 vete
189 2675 296 2750 coegit.
339 2674 461 2733 Corium
486 2675 600 2746 beluae,
625 2686 745 2733 centum
770 2683 800 2732 et
828 2675 928 2750 viginti
954 2676 1048 2752 ped'e‘s

94 2780 226 2856 longum,
248 2782 378 2839 Romam
399 2780 476 2838 misit
498 2779 637 2855 Regulus.

137 2886 219 2943 Huic
241 2886 281 2945 ob
302 2891 348 2943 res
369 2886 446 2944 bene
468 2891 563 2960 gestas
586 2885 743 2959 imperium
765 2884 796 2941 in
816 2903 926 2955 annum
951 2887 1046 2962 proxi-

95 3009 179 3049 mum
206 2996 395 3066 prorogatum
424 3002 476 3050 est.
534 2991 624 3064 Quod
659 2990 710 3048 ubi
740 2991 880 3065 cognovit
908 2993 1047 3067 Regulus,
1068 3017 1095 3064 ις

95 3096 212 3170 scripsit
237 3102 358 3167 senatui,
383 3097 501 3153 vilicum
527 3114 610 3154 suum
636 3096 666 3152 in
691 3095 794 3170 agello,
818 3115 907 3171 quem
933 3107 1048 3171 septem

96 3202 231 3277 iugeriim
251 3200 388 3272 habebat,
411 3212 559 3261 mortuum
580 3219 644 3259 esse
665 3211 695 3259 et
719 3220 835 3260 servum
860 3203 1047 3261 occasionem

97 3316 216 3365 nactum
245 3307 391 3382 ausiigisse
421 3307 518 3366 ablato
547 3311 741 3365 instriimento
774 3308 892 3378 mistico,
920 3306 1048 3383 ideoque

97 3422 200 3487 petere
222 3417 263 3484 se,
284 3421 318 3470 ut
342 3412 397 3471 sibi
423 3430 575 3470 successor
598 3412 629 3470 in
649 3395 779 3471 iliricam
801 3413 975 3484 mitteretur,
1000 3419 1047 3484 nia,
