2378 3788
145 190 186 267 56
366 187 462 250 Urbis
484 189 610 249 Romae
635 187 707 250 Vin·
728 186 878 248 Illustres
910 217 920 233 ·

141 410 230 466 etiam
246 408 371 483 diguitis
386 408 527 479 constitit,
539 414 589 482 qui
603 412 682 465 cives
696 407 923 466 innumerabiles
934 407 1099 467 occiderat.

141 501 225 574 Unus
245 514 418 572 adulescens
439 513 502 585 fnit,
524 519 574 587 qui
598 512 722 570 auderet
743 519 825 588 queri
850 522 880 571 et
903 513 1099 572 recedentem

140 639 233 695 usque
255 620 294 678 ad
316 621 393 677 sores
414 619 521 678 domus
543 612 706 676 maledictis
727 619 881 677 incessere.
923 621 1023 693 Atque
1037 620 1098 694 ille,

140 727 222 785 cuius
247 733 321 783 iram
349 725 545 800 potentissimi
568 725 621 782 viri
645 725 850 799 maximaeque
878 725 1011 783 civitates
1039 744 1098 784 nec

106 851 116 896 5
140 833 266 907 effugere
288 850 344 889 nec
365 831 481 906 plicare
503 840 668 905 potuerant,
684 836 768 888 tinius
789 829 1004 888 adulescentuli
1024 849 1097 889 con·

140 938 273 995 tumelias
298 937 422 1012 patienti
446 937 546 994 animo
572 937 646 1007 tulit,
667 935 698 992 id
721 945 836 994 tantum
858 935 889 994 in
911 936 1012 994 limine
1035 937 1096 994 iam

141 1043 260 1101 dicens:
284 1045 373 1100 “Hic
397 1041 574 1100 adulescens
599 1041 716 1114 efficiet,
740 1046 778 1100 ne
800 1042 865 1116 quis
887 1042 1013 1116 posthac
1036 1043 1095 1102 tale

140 1149 296 1223 imperium
311 1147 471 1223 diponatJ’

180 1254 257 1312 Sulla
278 1253 389 1312 deinde
410 1254 441 1310 in
461 1254 559 1311 villam
581 1253 730 1328 profectus
752 1253 884 1311 tristiciri
904 1263 935 1311 et
955 1254 1095 1313 venando

93 1385 119 1416 ιο
140 1367 228 1418 vitam
243 1378 329 1435 agere
345 1361 455 1434 eoepit.
498 1360 544 1418 Ibi
560 1359 664 1418 morbo
681 1369 833 1435 correptus
855 1359 973 1430 interiit,
987 1360 1033 1418 vir
1053 1361 1095 1418 in·

139 1467 235 1541 gentis
256 1467 354 1537 animi,
370 1466 495 1540 cupidus
515 1466 708 1540 voluptatum,
731 1465 784 1523 sed
805 1465 914 1540 gloriae
936 1464 1093 1540 cupidi0r;

140 1573 240 1629 litteris
262 1573 382 1630 Graecis
403 1582 491 1646 atque
514 1572 622 1628 Latinis
644 1570 773 1629 eruditus
793 1581 822 1628 et
841 1571 968 1629 virorum
983 1570 1094 1630 littera-

139 1683 236 1736 torum
258 1678 334 1736 adeo
356 1683 466 1749 amans,
481 1686 513 1735 ut
535 1677 722 1735 sedulitatem
743 1677 832 1735 etiam
851 1677 919 1734 mali
938 1677 1094 1737 cuiusdam

139 1788 247 1857 poetae
271 1783 369 1857 aliquo
394 1783 526 1869 praemio
552 1782 671 1858 dignam
696 1782 830 1855 dixerit5
858 1801 928 1840 nam
950 1800 1018 1841 cum
1043 1783 1094 1842 ille

92 1908 117 1956 15
140 1889 321 1964 epigramma
342 1889 372 1946 in
394 1907 463 1946 eum
484 1889 604 1946 fecisset
626 1895 712 1962 eique
733 1888 914 1960 subiecisset,
936 1889 1014 1947 Sulla
1034 1899 1094 1947 sta·

140 1995 192 2052 tim
208 1995 372 2069 praemium
388 2000 415 2052 ei
429 1994 492 2052 dari
506 1994 597 2065 iussit,
613 1994 667 2052 sed
689 2000 724 2051 ei
744 1994 819 2068 lege,
833 1999 872 2052 ne
893 1995 964 2068 quid
987 2001 1094 2069 poste}

139 2087 288 2158 scriberet.
330 2103 406 2157 Ante
421 2099 572 2158 victoriam
593 2099 777 2172 landandus;
799 2100 829 2156 in
850 2106 892 2157 eis
912 2105 992 2177 vero,
1014 2118 1093 2175 quae

139 2211 240 2264 secuta
251 2215 326 2276 sunt,
338 2224 500 2279 numquam
515 2205 584 2262 satis
598 2204 826 2280 vituperandus;
848 2205 953 2264 urbem
968 2206 1048 2263 enim
1063 2217 1094 2265 et

140 2312 255 2369 Italiam
266 2312 357 2369 civilis
369 2311 516 2385 sanguinis
527 2311 694 2369 fluminibus
706 2310 867 2369 inundavit.
911 2312 981 2368 Non
996 2314 1093 2370 solum

90 2437 118 2469 20
139 2416 168 2473 in
189 2423 269 2474 vivos
294 2417 404 2488 saeviit,
421 2416 474 2474 sed
498 2421 536 2474 ne
560 2423 681 2474 mortuis
703 2416 824 2491 quidem
846 2417 980 2491 pepercit
991 2436 1000 2489 ;
1021 2435 1093 2476 nam

139 2523 195 2581 Gai
223 2522 318 2593 Marii,
347 2523 438 2593 cuim,
467 2529 522 2579 etsi
549 2527 653 2596 postea
681 2522 781 2594 hostis,
803 2521 962 2596 aliquando
991 2532 1094 2581 tamen

138 2639 277 2701 quaestor
298 2628 401 2700 fuerat,
416 2630 515 2685 Erutos
536 2628 651 2685 cineres
671 2628 702 2685 in
721 2627 831 2685 flumen
846 2627 980 2701 proiecit.
1024 2628 1094 2702 Qua

139 2733 310 2792 crudelitate
325 2738 422 2791 rerum
437 2733 587 2808 praeclare
600 2738 748 2808 gestarum
763 2733 884 2808 gloriam
900 2732 1040 2809 corrupit.
1069 2790 1071 2795 ,
