<?xml version="1.0" encoding="UTF-8"?>
<!DOCTYPE html PUBLIC "-//W3C//DTD XHTML 1.0 Transitional//EN"
    "http://www.w3.org/TR/xhtml1/DTD/xhtml1-transitional.dtd">
<html xmlns="http://www.w3.org/1999/xhtml" xml:lang="en" lang="en">
 <head>
  <title>
</title>
<meta http-equiv="Content-Type" content="text/html;charset=utf-8" />
  <meta name='ocr-system' content='tesseract 3.04.00' />
  <meta name='ocr-capabilities' content='ocr_page ocr_carea ocr_par ocr_line ocrx_word'/>
</head>
<body>
  <div class='ocr_page' id='page_1' title='image "./selectionsfromv01lhogoog_0126.png"; bbox 0 0 2378 3788; ppageno 0'>
   <div class='ocr_carea' id='block_1_1' title="bbox 302 204 1044 290">
    <p class='ocr_par' dir='ltr' id='par_1_1' title="bbox 302 204 1044 290">
     <span class='ocr_line' id='line_1_1' title="bbox 302 204 1044 290; baseline 0.001 -20"><span class='ocrx_word' id='word_1_1' title='bbox 302 204 426 270; x_wconf 78' lang='lat' dir='ltr'>Cacsar</span> <span class='ocrx_word' id='word_1_2' title='bbox 447 205 649 269; x_wconf 83' lang='lat' dir='ltr'>Octavianus</span> <span class='ocrx_word' id='word_1_3' title='bbox 670 206 844 290; x_wconf 84' lang='lat' dir='ltr'>Augustus</span> <span class='ocrx_word' id='word_1_4' title='bbox 1006 226 1044 290; x_wconf 91' lang='lat'>91</span> 
     </span>
    </p>
   </div>
   <div class='ocr_carea' id='block_1_2' title="bbox 90 426 1096 3048">
    <p class='ocr_par' dir='ltr' id='par_1_2' title="bbox 92 426 1047 503">
     <span class='ocr_line' id='line_1_2' title="bbox 92 426 1047 503; baseline 0.002 -17"><span class='ocrx_word' id='word_1_5' title='bbox 92 445 203 486; x_wconf 87' lang='lat' dir='ltr'>corvus</span> <span class='ocrx_word' id='word_1_6' title='bbox 231 427 331 503; x_wconf 91' lang='lat' dir='ltr'>coepit</span> <span class='ocrx_word' id='word_1_7' title='bbox 359 426 457 486; x_wconf 86' lang='lat' dir='ltr'>dicere</span> <span class='ocrx_word' id='word_1_8' title='bbox 488 428 600 487; x_wconf 90' lang='lat' dir='ltr'>dictam</span> <span class='ocrx_word' id='word_1_9' title='bbox 631 429 843 488; x_wconf 74' lang='lat' dir='ltr'>salititidnem.</span> <span class='ocrx_word' id='word_1_10' title='bbox 902 431 970 490; x_wconf 75' lang='lat' dir='ltr'>Hic</span> <span class='ocrx_word' id='word_1_11' title='bbox 998 449 1047 489; x_wconf 91' lang='lat' dir='ltr'>au-</span> 
     </span>
    </p>

    <p class='ocr_par' dir='ltr' id='par_1_3' title="bbox 93 531 1049 610">
     <span class='ocr_line' id='line_1_3' title="bbox 93 531 1049 610; baseline 0.003 -18"><span class='ocrx_word' id='word_1_12' title='bbox 93 534 168 604; x_wconf 74' lang='lat' dir='ltr'>dita,</span> <span class='ocrx_word' id='word_1_13' title='bbox 197 531 269 590; x_wconf 91' lang='lat' dir='ltr'>dum</span> <span class='ocrx_word' id='word_1_14' title='bbox 304 534 415 606; x_wconf 69' lang='lat' dir='ltr'>transit,</span> <span class='ocrx_word' id='word_1_15' title='bbox 443 536 591 610; x_wconf 89' lang='lat' dir='ltr'>Augustus</span> <span class='ocrx_word' id='word_1_16' title='bbox 621 535 792 610; x_wconf 90' lang='lat' dir='ltr'>respondit:</span> <span class='ocrx_word' id='word_1_17' title='bbox 829 537 931 594; x_wconf 88' lang='lat' dir='ltr'>“Satis</span> <span class='ocrx_word' id='word_1_18' title='bbox 966 536 1049 596; x_wconf 89' lang='lat' dir='ltr'>domi</span> 
     </span>
    </p>

    <p class='ocr_par' dir='ltr' id='par_1_4' title="bbox 94 639 1047 717">
     <span class='ocr_line' id='line_1_4' title="bbox 94 639 1047 717; baseline 0.003 -20"><span class='ocrx_word' id='word_1_19' title='bbox 94 639 200 697; x_wconf 66' lang='lat' dir='ltr'>tilium</span> <span class='ocrx_word' id='word_1_20' title='bbox 222 639 412 698; x_wconf 72' lang='lat' dir='ltr'>salutitdrum</span> <span class='ocrx_word' id='word_1_21' title='bbox 431 640 558 700; x_wconf 80' lang='lat' dir='ltr'>habe6.”</span> <span class='ocrx_word' id='word_1_22' title='bbox 614 641 762 717; x_wconf 85' lang='lat' dir='ltr'>Superfuit</span> <span class='ocrx_word' id='word_1_23' title='bbox 782 647 872 700; x_wconf 74' lang='lat' dir='ltr'>corvi&gt;</span> <span class='ocrx_word' id='word_1_24' title='bbox 894 642 1047 715; x_wconf 88' lang='lat' dir='ltr'>memoria,</span> 
     </span>
    </p>

    <p class='ocr_par' dir='ltr' id='par_1_5' title="bbox 93 744 1047 822">
     <span class='ocr_line' id='line_1_5' title="bbox 93 744 1047 822; baseline 0.002 -18"><span class='ocrx_word' id='word_1_25' title='bbox 93 755 128 804; x_wconf 87' lang='lat' dir='ltr'>ut</span> <span class='ocrx_word' id='word_1_26' title='bbox 153 754 184 802; x_wconf 90' lang='lat' dir='ltr'>et</span> <span class='ocrx_word' id='word_1_27' title='bbox 208 744 265 817; x_wconf 89' lang='lat' dir='ltr'>illa,</span> <span class='ocrx_word' id='word_1_28' title='bbox 290 745 396 820; x_wconf 93' lang='lat' dir='ltr'>quibus</span> <span class='ocrx_word' id='word_1_29' title='bbox 420 745 573 805; x_wconf 91' lang='lat' dir='ltr'>dominum</span> <span class='ocrx_word' id='word_1_30' title='bbox 598 757 772 822; x_wconf 87' lang='lat' dir='ltr'>querentem</span> <span class='ocrx_word' id='word_1_31' title='bbox 796 748 909 807; x_wconf 75' lang='lat' dir='ltr'>solebat</span> <span class='ocrx_word' id='word_1_32' title='bbox 936 749 1047 821; x_wconf 91' lang='lat' dir='ltr'>audire,</span> 
     </span>
    </p>

    <p class='ocr_par' dir='ltr' id='par_1_6' title="bbox 94 851 1080 1035">
     <span class='ocr_line' id='line_1_6' title="bbox 95 851 1080 930; baseline 0.003 -20"><span class='ocrx_word' id='word_1_33' title='bbox 95 851 276 923; x_wconf 71' lang='lat' dir='ltr'>subtexeret,</span> <span class='ocrx_word' id='word_1_34' title='bbox 317 852 443 928; x_wconf 89' lang='lat' dir='ltr'>“Opera</span> <span class='ocrx_word' id='word_1_35' title='bbox 477 863 508 911; x_wconf 97' lang='lat' dir='ltr'>et</span> <span class='ocrx_word' id='word_1_36' title='bbox 542 853 678 929; x_wconf 72' lang='lat' dir='ltr'>impensa</span> <span class='ocrx_word' id='word_1_37' title='bbox 711 854 828 930; x_wconf 88' lang='lat' dir='ltr'>periit.”</span> <span class='ocrx_word' id='word_1_38' title='bbox 883 853 931 911; x_wconf 92' lang='lat' dir='ltr'>Ad</span> <span class='ocrx_word' id='word_1_39' title='bbox 966 853 1080 929; x_wconf 81' lang='lat' dir='ltr'>quods</span> 
     </span>
     <span class='ocr_line' id='line_1_7' title="bbox 94 958 1047 1035; baseline 0.003 -20"><span class='ocrx_word' id='word_1_40' title='bbox 94 958 209 1016; x_wconf 90' lang='lat' dir='ltr'>Caesar</span> <span class='ocrx_word' id='word_1_41' title='bbox 239 958 300 1016; x_wconf 91' lang='lat' dir='ltr'>risit</span> <span class='ocrx_word' id='word_1_42' title='bbox 330 964 448 1033; x_wconf 88' lang='lat' dir='ltr'>emique</span> <span class='ocrx_word' id='word_1_43' title='bbox 476 976 561 1017; x_wconf 88' lang='lat' dir='ltr'>avem</span> <span class='ocrx_word' id='word_1_44' title='bbox 589 959 680 1032; x_wconf 90' lang='lat' dir='ltr'>iussit,</span> <span class='ocrx_word' id='word_1_45' title='bbox 708 966 811 1035; x_wconf 88' lang='lat' dir='ltr'>quanti</span> <span class='ocrx_word' id='word_1_46' title='bbox 840 960 950 1018; x_wconf 83' lang='lat' dir='ltr'>millam</span> <span class='ocrx_word' id='word_1_47' title='bbox 978 971 1047 1019; x_wconf 88' lang='lat' dir='ltr'>ante</span> 
     </span>
    </p>

    <p class='ocr_par' dir='ltr' id='par_1_7' title="bbox 94 1069 217 1122">
     <span class='ocr_line' id='line_1_8' title="bbox 94 1069 217 1122; baseline 0 0"><span class='ocrx_word' id='word_1_48' title='bbox 94 1069 217 1122; x_wconf 71' lang='lat' dir='ltr'>emerat.</span> 
     </span>
    </p>

    <p class='ocr_par' dir='ltr' id='par_1_8' title="bbox 90 1169 1096 2501">
     <span class='ocr_line' id='line_1_9' title="bbox 136 1169 1046 1248; baseline 0.001 -19"><span class='ocrx_word' id='word_1_49' title='bbox 136 1169 257 1230; x_wconf 75' lang='lat' dir='ltr'>Solebat</span> <span class='ocrx_word' id='word_1_50' title='bbox 275 1170 437 1229; x_wconf 88' lang='lat' dir='ltr'>Graeculus</span> <span class='ocrx_word' id='word_1_51' title='bbox 455 1170 576 1246; x_wconf 87' lang='lat' dir='ltr'>quidam</span> <span class='ocrx_word' id='word_1_52' title='bbox 595 1170 789 1230; x_wconf 68' lang='lat' dir='ltr'>descendenti</span> <span class='ocrx_word' id='word_1_53' title='bbox 808 1177 825 1231; x_wconf 81' lang='grc' dir='ltr'><strong>ἓ</strong></span> <span class='ocrx_word' id='word_1_54' title='bbox 844 1172 953 1248; x_wconf 78' lang='lat' dir='ltr'>palatin</span> <span class='ocrx_word' id='word_1_55' title='bbox 971 1174 1046 1233; x_wconf 90' lang='lat' dir='ltr'>Cae-</span> 
     </span>
     <span class='ocr_line' id='line_1_10' title="bbox 94 1275 1047 1354; baseline 0.003 -21"><span class='ocrx_word' id='word_1_56' title='bbox 94 1282 153 1334; x_wconf 86' lang='lat' dir='ltr'>sari</span> <span class='ocrx_word' id='word_1_57' title='bbox 171 1276 367 1334; x_wconf 73' lang='lat' dir='ltr'>hondriticum</span> <span class='ocrx_word' id='word_1_58' title='bbox 386 1275 506 1351; x_wconf 85' lang='lat' dir='ltr'>aliquod</span> <span class='ocrx_word' id='word_1_59' title='bbox 524 1277 705 1352; x_wconf 82' lang='lat' dir='ltr'>epigramma</span> <span class='ocrx_word' id='word_1_60' title='bbox 723 1278 882 1354; x_wconf 86' lang='lat' dir='ltr'>porrigere.</span> <span class='ocrx_word' id='word_1_61' title='bbox 924 1277 961 1336; x_wconf 92' lang='lat' dir='ltr'>Id</span> <span class='ocrx_word' id='word_1_62' title='bbox 978 1297 1047 1336; x_wconf 94' lang='lat' dir='ltr'>cum</span> 
     </span>
     <span class='ocr_line' id='line_1_11' title="bbox 95 1381 1096 1457; baseline 0.004 -18"><span class='ocrx_word' id='word_1_63' title='bbox 95 1383 202 1440; x_wconf 73' lang='lat' dir='ltr'>frustra</span> <span class='ocrx_word' id='word_1_64' title='bbox 219 1400 310 1457; x_wconf 88' lang='lat' dir='ltr'>saepe</span> <span class='ocrx_word' id='word_1_65' title='bbox 331 1381 453 1441; x_wconf 72' lang='lat' dir='ltr'>fecisset</span> <span class='ocrx_word' id='word_1_66' title='bbox 473 1393 503 1441; x_wconf 90' lang='lat' dir='ltr'>et</span> <span class='ocrx_word' id='word_1_67' title='bbox 524 1392 623 1442; x_wconf 89' lang='lat' dir='ltr'>tamen</span> <span class='ocrx_word' id='word_1_68' title='bbox 644 1389 741 1442; x_wconf 81' lang='lat' dir='ltr'>rirsus</span> <span class='ocrx_word' id='word_1_69' title='bbox 762 1402 830 1442; x_wconf 93' lang='lat' dir='ltr'>eum</span> <span class='ocrx_word' id='word_1_70' title='bbox 851 1383 932 1442; x_wconf 85' lang='lat' dir='ltr'>idern</span> <span class='ocrx_word' id='word_1_71' title='bbox 954 1385 1045 1443; x_wconf 85' lang='lat' dir='ltr'>factu·</span> <span class='ocrx_word' id='word_1_72' title='bbox 1069 1414 1096 1444; x_wconf 88' lang='lat'>10</span> 
     </span>
     <span class='ocr_line' id='line_1_12' title="bbox 94 1486 1045 1564; baseline 0.003 -19"><span class='ocrx_word' id='word_1_73' title='bbox 94 1506 159 1546; x_wconf 91' lang='lat' dir='ltr'>rum</span> <span class='ocrx_word' id='word_1_74' title='bbox 177 1486 309 1546; x_wconf 78' lang='lat' dir='ltr'>dixisset</span> <span class='ocrx_word' id='word_1_75' title='bbox 322 1490 479 1564; x_wconf 89' lang='lat' dir='ltr'>Augustus,</span> <span class='ocrx_word' id='word_1_76' title='bbox 497 1488 585 1548; x_wconf 90' lang='lat' dir='ltr'>breve</span> <span class='ocrx_word' id='word_1_77' title='bbox 605 1495 657 1548; x_wconf 79' lang='lat' dir='ltr'>sui</span> <span class='ocrx_word' id='word_1_78' title='bbox 675 1495 764 1548; x_wconf 75' lang='lat' dir='ltr'>manti</span> <span class='ocrx_word' id='word_1_79' title='bbox 782 1489 813 1547; x_wconf 92' lang='lat' dir='ltr'>in</span> <span class='ocrx_word' id='word_1_80' title='bbox 830 1489 932 1548; x_wconf 75' lang='lat' dir='ltr'>charta</span> <span class='ocrx_word' id='word_1_81' title='bbox 948 1497 1045 1549; x_wconf 73' lang='lat' dir='ltr'>exara-</span> 
     </span>
     <span class='ocr_line' id='line_1_13' title="bbox 93 1595 1046 1670; baseline 0.002 -18"><span class='ocrx_word' id='word_1_82' title='bbox 93 1595 136 1653; x_wconf 92' lang='lat' dir='ltr'>vit</span> <span class='ocrx_word' id='word_1_83' title='bbox 156 1595 305 1653; x_wconf 86' lang='lat' dir='ltr'>Graecum</span> <span class='ocrx_word' id='word_1_84' title='bbox 323 1595 506 1670; x_wconf 87' lang='lat' dir='ltr'>epigramma</span> <span class='ocrx_word' id='word_1_85' title='bbox 525 1604 555 1653; x_wconf 90' lang='lat' dir='ltr'>et</span> <span class='ocrx_word' id='word_1_86' title='bbox 574 1595 721 1655; x_wconf 68' lang='lat' dir='ltr'>Graeculi&gt;</span> <span class='ocrx_word' id='word_1_87' title='bbox 741 1595 910 1654; x_wconf 90' lang='lat' dir='ltr'>advenienti</span> <span class='ocrx_word' id='word_1_88' title='bbox 928 1597 1046 1655; x_wconf 89' lang='lat' dir='ltr'>obviam</span> 
     </span>
     <span class='ocr_line' id='line_1_14' title="bbox 94 1699 1046 1776; baseline 0 -17"><span class='ocrx_word' id='word_1_89' title='bbox 94 1701 183 1759; x_wconf 91' lang='lat' dir='ltr'>misit.</span> <span class='ocrx_word' id='word_1_90' title='bbox 226 1700 280 1759; x_wconf 87' lang='lat' dir='ltr'>ille</span> <span class='ocrx_word' id='word_1_91' title='bbox 300 1701 378 1759; x_wconf 92' lang='lat' dir='ltr'>inter</span> <span class='ocrx_word' id='word_1_92' title='bbox 397 1699 556 1776; x_wconf 88' lang='lat' dir='ltr'>legendum</span> <span class='ocrx_word' id='word_1_93' title='bbox 577 1700 696 1759; x_wconf 73' lang='lat' dir='ltr'>laudare</span> <span class='ocrx_word' id='word_1_94' title='bbox 717 1707 871 1776; x_wconf 71' lang='lat' dir='ltr'>mirarique</span> <span class='ocrx_word' id='word_1_95' title='bbox 893 1711 953 1760; x_wconf 87' lang='lat' dir='ltr'>tam</span> <span class='ocrx_word' id='word_1_96' title='bbox 972 1708 1046 1760; x_wconf 70' lang='lat' dir='ltr'>vnce</span> 
     </span>
     <span class='ocr_line' id='line_1_15' title="bbox 94 1806 1045 1883; baseline 0.002 -19"><span class='ocrx_word' id='word_1_97' title='bbox 94 1825 186 1882; x_wconf 88' lang='lat' dir='ltr'>quam</span> <span class='ocrx_word' id='word_1_98' title='bbox 206 1807 288 1865; x_wconf 78' lang='lat' dir='ltr'>vulti</span> <span class='ocrx_word' id='word_1_99' title='bbox 307 1812 460 1883; x_wconf 78' lang='lat' dir='ltr'>gestique.</span> <span class='ocrx_word' id='word_1_100' title='bbox 510 1806 628 1866; x_wconf 91' lang='lat' dir='ltr'>Deinde</span> <span class='ocrx_word' id='word_1_101' title='bbox 650 1825 718 1865; x_wconf 92' lang='lat' dir='ltr'>cum</span> <span class='ocrx_word' id='word_1_102' title='bbox 739 1808 911 1866; x_wconf 89' lang='lat' dir='ltr'>accessisset</span> <span class='ocrx_word' id='word_1_103' title='bbox 931 1806 969 1866; x_wconf 90' lang='lat' dir='ltr'>ad</span> <span class='ocrx_word' id='word_1_104' title='bbox 991 1808 1045 1866; x_wconf 89' lang='lat' dir='ltr'>sel-</span> 
     </span>
     <span class='ocr_line' id='line_1_16' title="bbox 93 1913 1093 1989; baseline 0.001 -19"><span class='ocrx_word' id='word_1_105' title='bbox 93 1913 164 1986; x_wconf 88' lang='lat' dir='ltr'>lam,</span> <span class='ocrx_word' id='word_1_106' title='bbox 186 1918 245 1987; x_wconf 74' lang='lat' dir='ltr'>qua</span> <span class='ocrx_word' id='word_1_107' title='bbox 268 1913 378 1972; x_wconf 91' lang='lat' dir='ltr'>Caesar</span> <span class='ocrx_word' id='word_1_108' title='bbox 397 1913 568 1985; x_wconf 65' lang='lat' dir='ltr'>vehibitur,</span> <span class='ocrx_word' id='word_1_109' title='bbox 590 1913 718 1972; x_wconf 77' lang='lat' dir='ltr'>demissa</span> <span class='ocrx_word' id='word_1_110' title='bbox 741 1914 771 1971; x_wconf 94' lang='lat' dir='ltr'>in</span> <span class='ocrx_word' id='word_1_111' title='bbox 796 1931 957 1989; x_wconf 86' lang='lat' dir='ltr'>pauperem</span> <span class='ocrx_word' id='word_1_112' title='bbox 981 1932 1045 1971; x_wconf 88' lang='lat' dir='ltr'>cru-</span> <span class='ocrx_word' id='word_1_113' title='bbox 1069 1940 1093 1987; x_wconf 84' lang='lat'>15</span> 
     </span>
     <span class='ocr_line' id='line_1_17' title="bbox 93 2018 1047 2104; baseline 0.002 -28"><span class='ocrx_word' id='word_1_114' title='bbox 93 2024 216 2077; x_wconf 71' lang='lat' dir='ltr'>menam</span> <span class='ocrx_word' id='word_1_115' title='bbox 243 2023 333 2077; x_wconf 77' lang='lat' dir='ltr'>manu</span> <span class='ocrx_word' id='word_1_116' title='bbox 360 2024 471 2094; x_wconf 72' lang='lat' dir='ltr'>paucds</span> <span class='ocrx_word' id='word_1_117' title='bbox 484 2100 485 2104; x_wconf 5' lang='grc' dir='ltr'>ἵ</span> <span class='ocrx_word' id='word_1_118' title='bbox 499 2018 636 2078; x_wconf 66' lang='lat' dir='ltr'>denariis</span> <span class='ocrx_word' id='word_1_119' title='bbox 664 2019 793 2095; x_wconf 81' lang='lat' dir='ltr'>pr&#39;dtulit,</span> <span class='ocrx_word' id='word_1_120' title='bbox 818 2025 893 2095; x_wconf 70' lang='lat' dir='ltr'>quus</span> <span class='ocrx_word' id='word_1_121' title='bbox 920 2020 1047 2095; x_wconf 90' lang='lat' dir='ltr'>principi</span> 
     </span>
     <span class='ocr_line' id='line_1_18' title="bbox 94 2124 1045 2202; baseline 0.002 -20"><span class='ocrx_word' id='word_1_122' title='bbox 94 2125 190 2197; x_wconf 87' lang='lat' dir='ltr'>daret,</span> <span class='ocrx_word' id='word_1_123' title='bbox 211 2124 354 2200; x_wconf 85' lang='lat' dir='ltr'>dixitque,</span> <span class='ocrx_word' id='word_1_124' title='bbox 376 2130 408 2184; x_wconf 74' lang='lat' dir='ltr'>se</span> <span class='ocrx_word' id='word_1_125' title='bbox 430 2125 496 2200; x_wconf 82' lang='lat' dir='ltr'>plirs</span> <span class='ocrx_word' id='word_1_126' title='bbox 516 2124 652 2184; x_wconf 79' lang='lat' dir='ltr'>datiuum</span> <span class='ocrx_word' id='word_1_127' title='bbox 675 2125 772 2198; x_wconf 89' lang='lat' dir='ltr'>fuisse,</span> <span class='ocrx_word' id='word_1_128' title='bbox 796 2132 820 2184; x_wconf 91' lang='lat' dir='ltr'>si</span> <span class='ocrx_word' id='word_1_129' title='bbox 842 2126 906 2202; x_wconf 81' lang='lat' dir='ltr'>plis</span> <span class='ocrx_word' id='word_1_130' title='bbox 928 2126 1045 2185; x_wconf 92' lang='lat' dir='ltr'>habuis-</span> 
     </span>
     <span class='ocr_line' id='line_1_19' title="bbox 93 2230 1047 2306; baseline 0.001 -17"><span class='ocrx_word' id='word_1_131' title='bbox 93 2241 149 2290; x_wconf 91' lang='lat' dir='ltr'>set.</span> <span class='ocrx_word' id='word_1_132' title='bbox 192 2231 299 2290; x_wconf 74' lang='lat' dir='ltr'>Secritt’r</span> <span class='ocrx_word' id='word_1_133' title='bbox 320 2232 453 2290; x_wconf 91' lang='lat' dir='ltr'>omnium</span> <span class='ocrx_word' id='word_1_134' title='bbox 471 2236 531 2290; x_wconf 79' lang='lat' dir='ltr'>risu</span> <span class='ocrx_word' id='word_1_135' title='bbox 549 2230 783 2306; x_wconf 74' lang='lat' dir='ltr'>dispensitdrem</span> <span class='ocrx_word' id='word_1_136' title='bbox 802 2233 913 2292; x_wconf 88' lang='lat' dir='ltr'>Caesar</span> <span class='ocrx_word' id='word_1_137' title='bbox 930 2233 1047 2290; x_wconf 71' lang='lat' dir='ltr'>vocavit</span> 
     </span>
     <span class='ocr_line' id='line_1_20' title="bbox 94 2336 1046 2412; baseline -0.001 -16"><span class='ocrx_word' id='word_1_138' title='bbox 94 2346 126 2396; x_wconf 89' lang='lat' dir='ltr'>et</span> <span class='ocrx_word' id='word_1_139' title='bbox 147 2336 217 2395; x_wconf 90' lang='lat' dir='ltr'>satis</span> <span class='ocrx_word' id='word_1_140' title='bbox 237 2337 380 2412; x_wconf 87' lang='lat' dir='ltr'>grandem</span> <span class='ocrx_word' id='word_1_141' title='bbox 401 2337 545 2412; x_wconf 78' lang='lat' dir='ltr'>pecuniae</span> <span class='ocrx_word' id='word_1_142' title='bbox 564 2355 710 2395; x_wconf 89' lang='lat' dir='ltr'>summam</span> <span class='ocrx_word' id='word_1_143' title='bbox 731 2344 878 2396; x_wconf 73' lang='lat' dir='ltr'>numerari</span> <span class='ocrx_word' id='word_1_144' title='bbox 899 2338 1046 2397; x_wconf 71' lang='lat' dir='ltr'>Graeculi&gt;</span> 
     </span>
     <span class='ocr_line' id='line_1_21' title="bbox 90 2442 1096 2501; baseline -0.005 0"><span class='ocrx_word' id='word_1_145' title='bbox 90 2442 186 2501; x_wconf 90' lang='lat' dir='ltr'>iussit.</span> <span class='ocrx_word' id='word_1_146' title='bbox 1068 2466 1096 2497; x_wconf 90' lang='lat'>20</span> 
     </span>
    </p>

    <p class='ocr_par' dir='ltr' id='par_1_9' title="bbox 91 2548 1095 3048">
     <span class='ocr_line' id='line_1_22' title="bbox 134 2548 1046 2625; baseline 0 -19"><span class='ocrx_word' id='word_1_147' title='bbox 134 2551 283 2624; x_wconf 89' lang='lat' dir='ltr'>Augustus</span> <span class='ocrx_word' id='word_1_148' title='bbox 311 2549 372 2607; x_wconf 76' lang='lat' dir='ltr'>sere</span> <span class='ocrx_word' id='word_1_149' title='bbox 400 2548 471 2606; x_wconf 84' lang='lat' dir='ltr'>milli</span> <span class='ocrx_word' id='word_1_150' title='bbox 498 2553 530 2608; x_wconf 74' lang='lat' dir='ltr'>se</span> <span class='ocrx_word' id='word_1_151' title='bbox 556 2548 690 2607; x_wconf 88' lang='lat' dir='ltr'>invitanti</span> <span class='ocrx_word' id='word_1_152' title='bbox 716 2549 852 2625; x_wconf 79' lang='lat' dir='ltr'>negabat.</span> <span class='ocrx_word' id='word_1_153' title='bbox 896 2550 1046 2623; x_wconf 87' lang='lat' dir='ltr'>Exceptus</span> 
     </span>
     <span class='ocr_line' id='line_1_23' title="bbox 92 2650 1046 2730; baseline 0.001 -18"><span class='ocrx_word' id='word_1_154' title='bbox 92 2654 184 2730; x_wconf 89' lang='lat' dir='ltr'>igitur</span> <span class='ocrx_word' id='word_1_155' title='bbox 206 2660 224 2712; x_wconf 75' lang='grc' dir='ltr'>Ξ</span> <span class='ocrx_word' id='word_1_156' title='bbox 243 2653 375 2729; x_wconf 77' lang='lat' dir='ltr'>quddam</span> <span class='ocrx_word' id='word_1_157' title='bbox 399 2659 474 2713; x_wconf 73' lang='lat' dir='ltr'>cena</span> <span class='ocrx_word' id='word_1_158' title='bbox 497 2654 567 2712; x_wconf 90' lang='lat' dir='ltr'>satis</span> <span class='ocrx_word' id='word_1_159' title='bbox 591 2660 681 2729; x_wconf 74' lang='lat' dir='ltr'>parci</span> <span class='ocrx_word' id='word_1_160' title='bbox 705 2665 735 2713; x_wconf 94' lang='lat' dir='ltr'>et</span> <span class='ocrx_word' id='word_1_161' title='bbox 755 2650 850 2729; x_wconf 89' lang='lat' dir='ltr'>paene</span> <span class='ocrx_word' id='word_1_162' title='bbox 874 2655 1046 2727; x_wconf 75' lang='lat' dir='ltr'>cottidiani,</span> 
     </span>
     <span class='ocr_line' id='line_1_24' title="bbox 92 2759 1095 2835; baseline 0.001 -17"><span class='ocrx_word' id='word_1_163' title='bbox 92 2760 155 2818; x_wconf 70' lang='lat' dir='ltr'>hirc</span> <span class='ocrx_word' id='word_1_164' title='bbox 186 2769 301 2818; x_wconf 89' lang='lat' dir='ltr'>tantum</span> <span class='ocrx_word' id='word_1_165' title='bbox 321 2759 517 2832; x_wconf 72' lang='lat' dir='ltr'>insusurravit3</span> <span class='ocrx_word' id='word_1_166' title='bbox 547 2761 646 2818; x_wconf 79' lang='lat' dir='ltr'>“Ndn</span> <span class='ocrx_word' id='word_1_167' title='bbox 674 2761 815 2835; x_wconf 77' lang='lat' dir='ltr'>putabam</span> <span class='ocrx_word' id='word_1_168' title='bbox 836 2766 885 2819; x_wconf 75' lang='lat' dir='ltr'>me</span> <span class='ocrx_word' id='word_1_169' title='bbox 906 2761 960 2820; x_wconf 90' lang='lat' dir='ltr'>tibi</span> <span class='ocrx_word' id='word_1_170' title='bbox 982 2780 1046 2819; x_wconf 91' lang='lat' dir='ltr'>esse</span> <span class='ocrx_word' id='word_1_171' title='bbox 1094 2793 1095 2796; x_wconf 33' lang='lat'>¹</span> 
     </span>
     <span class='ocr_line' id='line_1_25' title="bbox 92 2854 1046 2942; baseline 0 -18"><span class='ocrx_word' id='word_1_172' title='bbox 92 2877 157 2924; x_wconf 89' lang='lat' dir='ltr'>tam</span> <span class='ocrx_word' id='word_1_173' title='bbox 192 2854 394 2924; x_wconf 73' lang='lat' dir='ltr'>familiarem.&#39;&#39;</span> <span class='ocrx_word' id='word_1_174' title='bbox 455 2866 534 2925; x_wconf 92' lang='lat' dir='ltr'>Cum</span> <span class='ocrx_word' id='word_1_175' title='bbox 569 2865 729 2940; x_wconf 70' lang='lat' dir='ltr'>aliquandi&gt;</span> <span class='ocrx_word' id='word_1_176' title='bbox 766 2865 847 2942; x_wconf 90' lang='lat' dir='ltr'>apud</span> <span class='ocrx_word' id='word_1_177' title='bbox 884 2867 1046 2926; x_wconf 72' lang='lat' dir='ltr'>Pullidnem</span> 
     </span>
     <span class='ocr_line' id='line_1_26' title="bbox 91 2969 1094 3048; baseline 0.001 -18"><span class='ocrx_word' id='word_1_178' title='bbox 91 2969 247 3046; x_wconf 91' lang='lat' dir='ltr'>quendam</span> <span class='ocrx_word' id='word_1_179' title='bbox 274 2975 393 3030; x_wconf 70' lang='lat' dir='ltr'>cenaret</span> <span class='ocrx_word' id='word_1_180' title='bbox 414 2970 605 3048; x_wconf 73' lang='lat' dir='ltr'>fregissetque</span> <span class='ocrx_word' id='word_1_181' title='bbox 632 2976 708 3029; x_wconf 79' lang='lat' dir='ltr'>imus</span> <span class='ocrx_word' id='word_1_182' title='bbox 733 2977 750 3030; x_wconf 78' lang='lat' dir='ltr'>e</span> <span class='ocrx_word' id='word_1_183' title='bbox 777 2979 866 3031; x_wconf 88' lang='lat' dir='ltr'>servis</span> <span class='ocrx_word' id='word_1_184' title='bbox 890 2979 941 3030; x_wconf 76' lang='lat' dir='ltr'>vas</span> <span class='ocrx_word' id='word_1_185' title='bbox 968 2991 1045 3048; x_wconf 90' lang='lat' dir='ltr'>crys·</span> <span class='ocrx_word' id='word_1_186' title='bbox 1068 3001 1094 3048; x_wconf 82' lang='lat'>²5</span> 
     </span>
    </p>
   </div>
   <div class='ocr_carea' id='block_1_3' title="bbox 92 3162 1048 3446">
    <p class='ocr_par' dir='ltr' id='par_1_10' title="bbox 93 3162 1048 3295">
     <span class='ocr_line' id='line_1_27' title="bbox 105 3162 1048 3221; baseline 0.001 -14"><span class='ocrx_word' id='word_1_187' title='bbox 105 3179 128 3221; x_wconf 92' lang='lat'>9.</span> <span class='ocrx_word' id='word_1_188' title='bbox 144 3162 274 3221; x_wconf 79' lang='lat' dir='ltr'>porrigere,</span> <span class='ocrx_word' id='word_1_189' title='bbox 284 3168 306 3207; x_wconf 84' lang='lat' dir='ltr'>to</span> <span class='ocrx_word' id='word_1_190' title='bbox 316 3165 380 3221; x_wconf 77' lang='lat' dir='ltr'>offer.</span> <span class='ocrx_word' id='word_1_191' title='bbox 598 3164 632 3209; x_wconf 91' lang='lat'>16.</span> <span class='ocrx_word' id='word_1_192' title='bbox 648 3164 766 3218; x_wconf 63' lang='lat' dir='ltr'>dinarius,</span> <span class='ocrx_word' id='word_1_193' title='bbox 776 3166 880 3216; x_wconf 69' lang='lat' dir='ltr'>denarii:</span> <span class='ocrx_word' id='word_1_194' title='bbox 887 3165 928 3210; x_wconf 88' lang='lat' dir='ltr'>the</span> <span class='ocrx_word' id='word_1_195' title='bbox 935 3165 1048 3209; x_wconf 88' lang='lat' dir='ltr'>denarius</span> 
     </span>
     <span class='ocr_line' id='line_1_28' title="bbox 93 3238 851 3295; baseline 0.001 -11"><span class='ocrx_word' id='word_1_196' title='bbox 93 3252 128 3284; x_wconf 93' lang='lat'>11.</span> <span class='ocrx_word' id='word_1_197' title='bbox 145 3239 235 3291; x_wconf 73' lang='lat' dir='ltr'>charri,</span> <span class='ocrx_word' id='word_1_198' title='bbox 250 3243 342 3295; x_wconf 62' lang='lat' dir='ltr'>papem-</span> <span class='ocrx_word' id='word_1_199' title='bbox 362 3238 472 3292; x_wconf 70' lang='lat' dir='ltr'>exaravit,</span> <span class='ocrx_word' id='word_1_200' title='bbox 488 3250 547 3282; x_wconf 83' lang='lat' dir='ltr'>com·</span> <span class='ocrx_word' id='word_1_201' title='bbox 677 3240 851 3295; x_wconf 62' lang='lat' dir='ltr'>=about3.16.</span> 
     </span>
    </p>

    <p class='ocr_par' dir='ltr' id='par_1_11' title="bbox 92 3312 1048 3446">
     <span class='ocr_line' id='line_1_29' title="bbox 171 3312 1048 3375; baseline 0.002 -19"><span class='ocrx_word' id='word_1_202' title='bbox 171 3312 251 3369; x_wconf 81' lang='lat' dir='ltr'>pared.</span> <span class='ocrx_word' id='word_1_203' title='bbox 339 3373 341 3375; x_wconf 13' lang='grc' dir='ltr'><strong><em>ι</em></strong></span> <span class='ocrx_word' id='word_1_204' title='bbox 597 3325 633 3371; x_wconf 86' lang='lat'>23.</span> <span class='ocrx_word' id='word_1_205' title='bbox 646 3314 809 3368; x_wconf 71' lang='lat' dir='ltr'>insusurravit,</span> <span class='ocrx_word' id='word_1_206' title='bbox 819 3314 950 3371; x_wconf 68' lang='lat' dir='ltr'>whispered</span> <span class='ocrx_word' id='word_1_207' title='bbox 958 3318 981 3357; x_wconf 81' lang='lat' dir='ltr'>to</span> <span class='ocrx_word' id='word_1_208' title='bbox 990 3314 1048 3360; x_wconf 81' lang='lat' dir='ltr'>him.</span> 
     </span>
     <span class='ocr_line' id='line_1_30' title="bbox 92 3386 386 3446; baseline -0.003 -13"><span class='ocrx_word' id='word_1_209' title='bbox 92 3399 127 3446; x_wconf 84' lang='lat'>15.</span> <span class='ocrx_word' id='word_1_210' title='bbox 144 3386 293 3440; x_wconf 67' lang='lat' dir='ltr'>cruminam,</span> <span class='ocrx_word' id='word_1_211' title='bbox 306 3392 386 3444; x_wconf 80' lang='lat' dir='ltr'>purse.</span> 
     </span>
    </p>
   </div>
   <div class='ocr_carea' id='block_1_4' title="bbox 0 0 1199 3788">
    <p class='ocr_par' dir='ltr' id='par_1_12' title="bbox 0 0 1199 3788">
     <span class='ocr_line' id='line_1_31' title="bbox 0 0 1199 3788; baseline 0 0"><span class='ocrx_word' id='word_1_212' title='bbox 0 0 1199 3788; x_wconf 95' lang='lat' dir='ltr'> </span> 
     </span>
    </p>
   </div>
  </div>
 </body>
</html>
