2378 3788
296 199 428 262 Gnaeus
450 199 627 281 Pompeius
649 199 797 282 Magnus
977 203 1016 264 61

61 427 94 482 se
127 420 256 480 tenterie
289 430 319 478 et
354 420 472 477 firmam
507 426 582 493 patri
616 419 815 478 circumdedit
845 421 1019 481 custediam.

60 526 221 586 Terentius
238 535 301 584 tum
322 524 464 584 destricte
486 529 557 584 ense
578 524 617 582 ad
638 526 747 584 lectum
771 528 895 602 Pompei
920 546 1018 586 acces-

61 635 99 691 sit
114 632 272 706 multisque
287 631 393 690 ictibus
414 631 540 706 stregula
561 632 713 706 percussit.
757 633 831 690 Orte
852 651 922 690 mox
943 634 1018 692 sedi·

60 740 143 798 tiene
160 737 320 814 Pompeius
338 741 370 795 se
389 737 421 794 in
443 737 542 795 media
563 737 691 795 coniecit
714 738 839 812 agmina,
855 739 1019 813 militesque

60 845 275 903 tumultuantes
289 843 427 918 precibus
442 850 472 899 et
486 841 612 900 lacrimis
627 843 753 916 plecevit
774 861 810 900 ac
830 842 899 901 duci
915 863 1040 912 remu-5

60 950 180 1008 cilievit.

102 1054 223 1115 Eedem
250 1053 331 1113 belle
355 1053 514 1128 Pompeius
539 1057 638 1127 partes
663 1053 758 1112 Sullae
783 1059 900 1112 secetus
922 1054 963 1112 ita
987 1060 1019 1127 se

59 1162 160 1237 gessit,
190 1169 223 1219 ut
249 1158 289 1217 ab
316 1164 354 1217 ee
382 1159 511 1217 maixime
539 1158 716 1234 diligeretur.
758 1161 860 1218 Aunes
895 1165 954 1219 tres
989 1171 1019 1219 et

59 1268 164 1342 viginti
184 1271 278 1338 netus,
296 1273 329 1322 ut
349 1247 444 1322 Sullae
466 1264 573 1322 auxilie
594 1270 715 1337 veniret,
737 1271 851 1339 paterni
872 1267 1018 1325 exercitiis

60 1372 198 1446 reliquies
210 1371 348 1445 conlegit,
360 1370 517 1444 statimque
532 1369 592 1427 dux
607 1376 717 1444 peritus
731 1371 850 1429 exstitit.
891 1373 1018 1447 Magnus
1041 1403 1067 1434 10

60 1478 135 1535 illius
155 1476 237 1551 apud
254 1476 377 1534 militem
399 1493 491 1548 amor,
507 1481 613 1550 megna
634 1475 714 1550 apud
736 1481 840 1534 omnes
861 1477 1017 1536 admiretie

61 1583 135 1655 iuit;
157 1582 252 1640 nirllus
275 1587 302 1639 ei
326 1581 409 1640 labor
434 1581 545 1653 taedii),
567 1582 646 1639 milla
667 1581 839 1656 defatigetie
865 1584 1016 1641 molestiae

61 1698 133 1746 erat.
184 1688 254 1747 Cibi
287 1693 404 1762 vinique
444 1692 621 1761 temperens,
651 1693 747 1745 somni
780 1705 886 1762 parcus
897 1709 906 1761 3
942 1689 1018 1746 inter

61 1795 169 1853 milites
190 1811 298 1868 corpus
319 1797 470 1864 exercens,
493 1811 561 1851 cum
583 1792 727 1850 alacribus
749 1793 915 1865 salti1‚cum
936 1794 1015 1852 vele-

60 1900 146 1959 cibus
174 1904 270 1971 curse,
291 1917 360 1956 cum
387 1899 489 1956 validis
517 1898 659 1957 lectande
687 1900 827 1957 certebat.
871 1900 950 1956 Turn
977 1899 1016 1956 ad
1040 1924 1063 1970 ¹5

61 2007 172 2066 Sullam
195 2005 251 2062 iter
270 2003 398 2063 intendit
418 2015 449 2062 et
468 2003 499 2061 in
522 2008 558 2062 ee
579 2004 683 2062 itinere
705 2009 763 2062 tres
784 2005 913 2062 hostiurn
935 2022 1016 2061 exer-

53 2112 138 2169 'citirs
163 2119 214 2168 aut
238 2110 316 2169 fudit
340 2120 390 2167 aut
415 2109 470 2168 sibi
494 2108 636 2167 adilinxit.
679 2111 778 2184 Quem
801 2109 852 2167 ubi
877 2111 954 2168 Sulla
977 2109 1016 2167 ad

61 2221 94 2276 se
114 2216 261 2274 accedere
287 2215 397 2273 audivit
420 2215 627 2290 egregiamque
651 2216 704 2273 sub
726 2221 813 2290 signis
835 2215 1016 2273 iuventetem

61 2322 209 2398 adspexit,
226 2320 334 2379 desiliit
355 2338 391 2378 ex
412 2325 491 2395 eque
513 2319 747 2395 Pompeiumque
769 2321 902 2379 saletivit
923 2322 1015 2395 impe·

61 2433 192 2487 reterem
212 2438 243 2485 et
265 2432 369 2501 postee
391 2433 418 2484 ei
433 2425 564 2484 venienti
585 2426 698 2484 solebat
719 2426 790 2484 selle
810 2426 966 2501 adsurgere
987 2437 1017 2484 et
1038 2459 1065 2490 20

61 2543 155 2609 caput
169 2539 281 2608 aperire
296 2542 326 2591 et
341 2537 419 2607 eque
433 2530 627 2604 descendere,
643 2549 732 2606 quem
747 2532 891 2590 honerem
905 2532 1017 2590 nemini

60 2639 118 2698 nisi
141 2639 285 2713 Pompeie
308 2638 464 2696 tribuebat.

102 2747 212 2803 Postee
239 2744 397 2818 Pompeius
425 2743 456 2800 in
484 2742 612 2801 Siciliam
637 2742 787 2816 profectus
812 2750 865 2814 est,
890 2750 922 2799 ut
951 2761 1016 2800 earn

59 2851 245 2921 eCarbene,
261 2849 356 2908 Sullae
377 2849 507 2919 inimice,
523 2853 699 2923 occupetam
721 2847 875 2922 reciperet.
919 2848 1016 2906 Carbe

59 2955 295 3030 comprehensus
317 2966 348 3012 et
368 2953 406 3012 ad
429 2954 603 3029 Pompeium
618 2953 725 3012 ductus
740 2964 784 3011 est
794 2974 803 3026 ;
826 2972 914 3028 quern
930 2955 1016 3011 Pom-
1038 2978 1063 3024 ²3

74 3193 96 3224 a
112 3177 179 3231 ense,
188 3177 273 3222 swerd.
568 3187 601 3232 15.
618 3175 737 3229 blotande,
749 3176 774 3218 in
789 3175 926 3232 wrestling:
944 3178 1017 3219 certe-

73 3268 95 3311 3.
112 3251 224 3307 stregnla
235 3251 342 3296 taverlet.
647 3249 694 3302 bat,
705 3250 765 3302 vied,
776 3250 907 3294 contended.

74 3332 95 3374 8.
112 3326 256 3383 dssigeretur‚
265 3338 314 3369 was
323 3325 397 3369 loved.
565 3336 600 3367 20.
616 3324 752 3379 adsurgere,
763 3329 786 3367 to
798 3325 851 3368 rise.

59 3417 95 3461 13.
112 3413 209 3459 parcus,
218 3400 322 3457 mering,
333 3399 457 3443 moderate.
