2378 3788
325 214 469 278 Publius
495 213 662 277 Cornelius
687 213 796 296 Scipio
1001 229 1042 291 43

91 437 220 494 familiae
240 436 431 512 ignominiam
453 435 628 511 deprecatus
650 445 694 493 est
704 456 713 508 3
735 434 817 507 dixit,
832 436 862 493 in
885 436 970 493 fratre
992 438 1045 492 suo

91 561 239 601 summam
255 560 319 600 esse
333 543 479 613 virtfitem,
492 560 638 599 summum
653 540 807 599 consilium
822 545 912 615 seque
928 546 955 598 ei
968 540 1044 614 legi-

91 659 156 706 tum
179 648 240 706 sore
262 648 403 723 prdmisit.
447 646 536 721 Quod
554 665 622 704 cum
640 647 678 704 ab
693 652 730 704 ed
745 656 822 704 esset
836 647 959 717 dictum,
973 645 1045 703 nihil

92 764 138 812 est
167 753 205 812 de
234 754 317 811 Lucii
345 753 488 828 Scipionis
512 753 662 828 prdvincia
684 757 899 810 comminatum
909 773 918 825 3
946 752 1045 826 itaque

92 860 273 918 fraternati]
294 859 387 916 maior
408 858 513 916 mindri
533 858 644 931 legatus
663 859 694 914 in
714 858 814 915 Asiam
835 858 985 932 profectus
1002 867 1046 915 est
1082 878 1093 926 5

93 975 125 1023 et
145 964 260 1022 tamdiu
282 982 349 1021 eum
371 963 493 1022 consilio
515 969 662 1038 operaque
684 962 805 1034 adinvit,
827 962 925 1020 donec
946 964 1045 1020 trium-

93 1067 187 1147 phum
202 1070 249 1127 ille
265 1079 295 1127 et
309 1075 477 1144 cognomen
490 1069 609 1126 Asiatici
623 1069 796 1143 peperisset.

136 1175 253 1233 Eiidem
276 1175 355 1233 belld
375 1174 452 1232 filius
474 1174 617 1249 Scipionis
634 1157 761 1231 Africani
775 1184 878 1248 captus
896 1183 940 1231 est
960 1173 1047 1231 etad

94 1280 274 1338 Antiochum
298 1279 453 1338 deductus.
497 1281 627 1354 Benigne
650 1290 679 1337 et
702 1280 858 1337 liberaliter
878 1279 1048 1337 adulescen-

94 1397 156 1445 tem
181 1390 233 1443 r'e'x
257 1385 367 1457 habuit,
387 1403 566 1460 quamquam
587 1386 625 1444 ab
646 1385 708 1442 eius
730 1394 813 1459 patre
834 1395 897 1443 tum
920 1386 1047 1442 maxime
1071 1409 1096 1439 ιο

95 1492 205 1551 finibus
229 1492 345 1566 imperii
367 1492 537 1566 peIIEbatur.
579 1492 656 1550 Cum
682 1490 792 1548 deinde
817 1497 923 1566 pacem
945 1491 1046 1548 Antio·

95 1598 204 1655 chusai
223 1599 363 1655 Rdmanis
385 1606 509 1672 peteret,
525 1597 636 1672 legatus
653 1597 714 1654 Eius
730 1597 865 1654 Publium
879 1597 1048 1671 Scipionem

95 1702 170 1761 adiit
195 1708 279 1777 eique
308 1702 404 1760 filium
432 1702 494 1760 sine
517 1703 614 1778 pretio
636 1701 818 1760 redditiirum
841 1707 940 1776 regem
965 1702 1047 1773 dixit,

96 1815 120 1868 si
142 1826 197 1882 per
220 1827 286 1866 eum
310 1814 415 1883 pacem
439 1809 632 1883 impetrasset.
675 1808 730 1866 Cui
752 1808 851 1882 Scipio
876 1806 1046 1882 respondit:

95 1919 114 1946 “
124 1914 192 1985 Abi,
214 1914 316 1971 mintia
336 1918 404 1989 regi,
421 1918 468 1970 me
491 1919 545 1988 pro
568 1918 650 1971 tanto
671 1918 793 1971 mimere
814 1913 919 1988 gratias
941 1931 1047 1988 agere,
1071 1935 1095 1982 15

96 2019 151 2078 sed
176 2036 255 2075 nunc
283 2019 370 2076 aliam
393 2019 515 2094 gratiam
537 2024 599 2076 ndn
622 2036 743 2093 possum
766 2020 884 2089 referre,
906 2037 995 2093 quam
1017 2028 1049 2075 ut

77 2132 124 2184 ·ei
145 2123 296 2197 suadeam,
310 2134 343 2182 ut
365 2125 444 2183 bello
467 2124 587 2182 absistat
608 2134 637 2181 et
658 2124 738 2198 pacis
760 2124 969 2181 condicionem
986 2123 1048 2180 nr'rl-

96 2231 155 2288 lam
172 2230 316 2288 recfiset.’'
359 2231 419 2287 Pax
437 2235 498 2287 ndn
515 2230 653 2287 convenit
663 2250 671 2301 ;
693 2239 792 2287 tamen
808 2229 970 2286 Antiochus
989 2229 1048 2286 Sci-

97 2337 179 2411 pioni
204 2335 299 2393 filium
325 2335 435 2392 remisit
463 2341 594 2409 tantique
622 2335 675 2391 viri
702 2335 885 2392 maiestatem
909 2341 1049 2406 venerari,
1145 2325 1147 2330 ’

96 2460 187 2517 quam
210 2441 345 2499 dolorem
366 2459 450 2498 suum
471 2441 572 2498 ulcisci
593 2440 702 2497 maluit.
1071 2465 1099 2494 20

136 2547 225 2604 vieto
240 2547 389 2605 Antiochi)
404 2565 472 2604 cum
487 2545 616 2620 praedae
631 2546 705 2603 ratio
722 2547 787 2603 a'tL.
799 2545 935 2618 Scipione
951 2561 1049 2616 repos-

96 2654 222 2720 ceretur,
247 2634 400 2706 Africanus
427 2653 572 2726 prolatum
594 2652 633 2710 ab
650 2656 687 2708 ed
704 2651 819 2720 librum,
835 2655 893 2723 quo
908 2659 1050 2724 acceptae

97 2770 127 2818 et
150 2762 297 2833 expensae
319 2776 451 2816 summae
472 2757 699 2815 continebantur
717 2766 746 2813 et
761 2756 852 2813 refelli
866 2756 1049 2812 inimieorum

96 2864 247 2922 accfisatio
269 2873 394 2939 poterat,
413 2863 578 2937 discerpsit,
601 2862 776 2937 indignatus,
792 2860 831 2918 de
857 2867 891 2918 ea
913 2866 944 2918 re
965 2861 1049 2920 dubi-

97 2976 163 3040 tari,
181 2987 267 3043 ‚quae
300 2970 354 3028 sub
384 2969 450 3044 ipsd
480 2969 576 3044 legato
607 2967 807 3026 administrata
835 2977 920 3024 esset.
973 2967 1051 3040 Quin
1072 2990 1097 3036 ²5

97 3077 189 3136 etiam
217 3076 296 3132 hunc
324 3075 355 3132 in
383 3074 506 3132 modum
533 3074 623 3132 verba
650 3073 741 3132 fecit:
772 3074 869 3131 “Non
895 3082 948 3143 est,
970 3072 1051 3147 quod

97 3181 255 3257 quaeratiS,
280 3185 378 3255 patres
400 3185 567 3254 conscripti,
589 3198 660 3236 num
689 3197 808 3253 parvam
837 3178 994 3253 pecimiam
1021 3178 1052 3234 in

97 3287 243 3346 aerarium
264 3287 434 3356 rettulerim,
457 3273 507 3360 qui
525 3290 613 3342 antea
637 3284 707 3343 illud
731 3284 842 3342 Pdnico
865 3289 935 3340 auro
957 3282 1050 3357 reple-

97 3392 202 3465 verim,
223 3410 320 3466 neque
343 3410 410 3449 mea
431 3390 600 3449 innocentia
623 3400 721 3463 potest
743 3391 773 3446 in
798 3387 920 3445 dubium
944 3392 1051 3444 vocari
