2378 3788
147 217 183 263 12
366 201 462 265 Urbis
483 202 609 264 Romae
634 200 708 264 Viri
727 199 877 263 Illustres

157 472 240 529 VII.
265 474 407 529 Seruius
428 475 577 540 wullena,
591 475 839 530 Rimdnirum
855 477 920 527 rico
937 476 1071 528 sextus.

529 606 644 664 sttrsst
661 613 708 650 1³·0·

182 737 252 795 Post
272 736 351 794 hunc
374 735 489 796 Servius
511 736 624 795 Tullius
650 735 779 810 suscepit
800 734 957 809 imperium
978 735 1095 810 genitus

142 858 179 898 ex
192 842 284 900 nobili
297 841 418 914 femina,
433 847 549 917 captivi
566 851 668 900 tamen
686 850 717 899 et
737 840 852 898 famuli.
896 840 955 914 Qui
975 858 1044 897 cum
1065 841 1095 896 in

141 946 233 1005 domo
246 947 397 1022 Tarquinii
417 949 506 1007 Prisci
528 947 711 1020 educiritur,
727 947 823 1004 serunt
844 945 1011 1021 prodigium
1033 950 1095 1002 visti

141 1056 306 1128 {ventrique
332 1054 463 1112 miribile
488 1053 641 1112 accidisse.
696 1051 847 1110 Flammae
872 1051 988 1126 species
1012 1055 1095 1125 pueri

107 1163 118 1214 5
141 1159 314 1218 dormientis
328 1169 418 1235 caput
431 1160 567 1235 amplexa
581 1169 635 1228 est.
679 1159 749 1216 Hoc
768 1161 830 1215 visti
850 1156 995 1231 Tanaquil
1016 1174 1093 1214 sum-

141 1283 221 1323 mam
235 1271 263 1323 ei
281 1263 453 1341 dignititem
474 1265 613 1341 portendi
633 1263 776 1323 intellexit
797 1263 973 1337 coniugique
995 1262 1093 1334 suasit,

140 1379 174 1428 ut
194 1388 263 1428 eum
283 1370 362 1429 haud
384 1389 468 1429 secus
490 1390 525 1429 ac
550 1376 619 1430 sucis
640 1371 747 1429 liberos
770 1367 919 1426 educaret.
962 1369 992 1426 Is
1013 1377 1093 1442 post·

141 1493 231 1550 quam
247 1474 385 1548 adolevit,
400 1487 430 1535 et
444 1476 614 1535 fortitudine
630 1487 660 1534 et
674 1475 797 1534 consilio
815 1473 934 1548 insignis
952 1472 1015 1531 fuit.
1057 1475 1095 1531 In

141 1581 254 1656 proelio
269 1581 409 1656 quddam,
425 1582 456 1639 in
470 1587 530 1657 quo
544 1587 597 1640 rex
615 1581 791 1657 Tarquinius
813 1579 950 1638 adversus
971 1581 1095 1640 Sabinos

94 1715 121 1746 ιο
141 1686 281 1758 conflixit,
303 1686 442 1746 militibus
463 1688 579 1763 signius
600 1687 817 1759 dimicantibus,
841 1698 957 1762 raptum
979 1693 1094 1764 signum

140 1793 171 1850 in
195 1792 312 1851 hostem
336 1793 423 1850 misit.
465 1793 556 1852 Criius
581 1792 744 1869 recipiendi
767 1794 859 1869 gritiai
882 1795 1011 1853 Romini
1033 1804 1109 1853 tam.

141 1898 247 1955 ieriter
260 1903 471 1973 pugnaverunt,
486 1908 519 1956 ut
540 1908 569 1956 et
591 1905 705 1974 signum
724 1910 754 1957 et
773 1901 927 1959 victoriam
941 1901 1094 1961 referrent

141 2003 209 2076 Qui
222 2007 255 2062 re
275 2008 294 2060 a
312 2003 472 2078 Tarquinio
493 2021 584 2079 gener
604 2005 778 2080 adsimptus
799 2017 844 2066 est
854 2029 863 2081 ;
889 2017 919 2065 et
940 2026 1008 2065 cum
1022 2010 1094 2066 Tar-

140 2108 257 2182 quinius
278 2114 392 2167 occisus
413 2119 499 2182 esset,
518 2111 673 2186 Tanaquil,
692 2113 844 2188 Tarquinii
862 2132 944 2185 uxor,
966 2123 1094 2173 mortem
1116 2114 1118 2119 ⁴

93 2242 118 2290 15
140 2214 203 2273 iius
216 2214 331 2286 celavit,
346 2214 548 2290 populumque
563 2235 600 2274 ex
615 2218 765 2292 superiore
780 2229 863 2293 parte
878 2219 996 2277 aedium
1012 2219 1094 2277 adlo-

139 2323 209 2378 cirta
222 2319 272 2391 ait,
286 2323 386 2394 regern
400 2338 488 2395 grave
502 2321 634 2396 quidem,
648 2322 702 2382 sed
716 2329 777 2382 non
791 2325 877 2382 letale
891 2325 994 2382 vulnus
1009 2329 1093 2383 acce-

139 2424 227 2500 pisse,
256 2443 383 2499 eumque
412 2435 522 2501 petere,
548 2437 582 2486 ut
608 2429 736 2500 interim,
766 2429 838 2487 dum
865 2431 1093 2502 convalesceret,

139 2530 240 2590 Servio
253 2531 350 2590 Tullio
365 2530 446 2590 dicto
461 2532 614 2591 audientes
631 2544 736 2592 essent.
779 2536 826 2593 Sic
847 2536 961 2594 Servius
982 2536 1094 2593 Tullius

139 2641 261 2712 regnare
275 2637 385 2712 coepit,
400 2637 453 2696 sed
469 2640 550 2696 recte
568 2639 725 2714 imperium
748 2640 970 2699 administravit.
1012 2641 1093 2700 Sabi-

90 2771 119 2803 20
139 2746 194 2800 ntis
208 2741 343 2817 subigit3
366 2746 481 2801 montes
497 2749 565 2816 tres,
582 2745 773 2817 Quirinalem,
784 2747 971 2819 Viminilem
987 2737 1092 2821 Esqui-

139 2847 230 2905 linum
250 2848 315 2906 urbi
335 2847 468 2907 adiunxit
479 2869 487 2921 3
517 2849 608 2908 fossais
629 2850 709 2909 circai
729 2857 845 2909 minum
871 2852 962 2910 duxit.
1003 2838 1092 2910 ldem

139 2957 261 3010 censum
275 2952 429 3026 ordinivit,
446 2964 476 3013 et
490 2955 632 3030 populum
649 2956 680 3013 in
694 2957 801 3014 classes
820 2967 850 3015 et
867 2957 1013 3014 centuriis
1033 2957 1091 3030 dis-⁴

138 3057 247 3117 tribuit.
333 3042 335 3047 ¹

178 3163 294 3222 Servius
321 3163 433 3222 Tullius
461 3164 581 3240 aliquod
609 3167 674 3224 urbi
704 3167 797 3225 decus
824 3167 936 3226 addere
964 3168 1091 3226 volebat.

89 3298 115 3347 ²5
139 3269 203 3326 Iam
232 3277 295 3325 tum
323 3267 456 3326 inclitum
486 3279 547 3327 erat
575 3271 689 3329 Dianae
719 3271 868 3346 Ephesiae
897 3273 1009 3331 sanum.
1055 3273 1092 3333 Id

138 3375 335 3450 communiter
362 3380 380 3431 a
408 3374 571 3432 civitatibus
599 3377 687 3434 Asiae
715 3376 826 3434 facturn
854 3378 935 3435 fama
969 3378 1091 3438 scribat.
