2378 3788
107 197 112 209 ’
130 206 172 267 68
350 205 447 268 Urbis
470 204 596 266 Romae
621 203 695 266 Viri
716 202 865 264 Illustres

128 427 176 483 vix
199 425 269 483 data
294 425 420 500 pecnnia
444 425 543 482 emisit.
595 425 748 481 PostrEmo
772 440 827 496 per
848 425 1032 496 propinquos
1057 432 1086 480 et

129 531 246 590 adfines
274 536 342 589 suos
356 531 473 588 veniam
502 529 675 604 impetravit.
719 529 793 587 Satis
817 533 943 598 constat,
966 528 1085 598 Sullam,

129 656 198 695 cum
221 637 449 712 deprecantibus
472 635 655 693 amicissimis
679 644 708 691 et
731 633 920 691 ornatissimis
941 633 1009 690 viris
1035 633 1085 690 ali-

129 743 270 818 quamdiu
288 742 464 817 denegasset
482 752 570 815 atque
592 741 631 798 illi
651 739 842 815 pertinaciter
858 739 1086 810 contenderent,
1119 761 1123 767 ·

94 858 105 905 5
130 854 329 924 expugnatum
351 847 471 905 tandem
494 847 701 921 proclamasse,
715 846 876 916 vincerent,
898 844 971 902 dum
993 844 1086 902 modo

129 962 245 1025 scirent,
268 973 345 1025 eum,
369 971 458 1028 quem
484 952 662 1010 incolumem
685 961 839 1025 tantopere
860 959 1013 1024 cuperent,
1035 950 1085 1007 ali-

129 1061 249 1135 quando
272 1060 459 1134 optimatium
484 1059 625 1133 partibus,
647 1063 719 1131 quas
744 1061 844 1114 secum
869 1055 956 1112 simul
981 1054 1086 1113 dEfen-

130 1165 250 1237 dissent,
280 1165 370 1223 exitii>
398 1165 526 1223 futurum
537 1185 545 1237 ;
582 1180 651 1220 nam
680 1162 800 1220 Caesari
832 1161 939 1219 multos
972 1162 1086 1220 Marios

129 1273 234 1328 inesse.

82 1395 108 1426 10
170 1376 321 1451 Stipendia
356 1383 450 1450 prima
484 1376 514 1432 in
549 1375 619 1433 Asia
653 1373 736 1431 fecit.
793 1374 829 1430 In
864 1374 1085 1448 expignatione

129 1483 338 1557 Mityli‘enarum
361 1487 471 1538 corona
495 1481 588 1538 civici
611 1479 738 1538 donatus
763 1489 816 1537 est.
861 1480 980 1536 Mortuo
1004 1480 1086 1538 Sulla

128 1588 271 1646 Rhodum
295 1586 436 1645 secedere
460 1587 569 1659 statuit,
590 1596 623 1643 ut
644 1603 698 1660 per
718 1586 811 1643 otium
829 1585 990 1660 Apollonio
1016 1587 1083 1644 Mo·
1132 1636 1136 1643 .

128 1694 198 1765 loni,
223 1704 293 1751 tunc
321 1692 483 1750 clirissimo
511 1690 631 1751 dicendi
659 1691 807 1766 magistro,
836 1709 959 1766 operam
988 1692 1082 1752 daret.

130 1801 200 1858 Hire
225 1798 296 1856 dum
322 1798 426 1870 traicit,
449 1797 688 1872 {praedonibus
712 1807 816 1872 captus
844 1807 889 1855 est
916 1799 1083 1874 mansitque

82 1923 105 1968 ιε
129 1903 209 1979 apud
237 1909 289 1961 eos
317 1921 411 1978 prope
439 1902 634 1979 quadriginti
661 1902 733 1961 dies
781 1905 837 1961 Per
864 1922 954 1962 omne
982 1915 1083 1979 autem

128 2010 200 2068 illud
229 2009 355 2085 spatium
384 2010 425 2066 ita
452 2014 484 2067 se
511 2009 609 2084 gessit,
639 2019 670 2065 ut
701 2014 799 2083 piratis
834 2009 943 2084 pariter
978 2015 1084 2070 terrori

129 2115 368 2189 venerationique
402 2125 487 2172 esset.
530 2115 663 2173 Comites
698 2115 814 2172 interim
848 2120 1007 2191 servosque
1045 2118 1083 2177 ad

129 2220 330 2297 expediendis
352 2221 501 2295 peciiniis‚
523 2220 629 2294 quibus
651 2220 852 2292 redimeretur,
870 2220 989 2280 dimisit.
1033 2224 1082 2281 Vi-

128 2327 201 2402 ginti
231 2326 341 2383 talenta
374 2331 485 2401 piratae
520 2326 757 2400 postulaverant,
792 2327 840 2384 ille
869 2329 1084 2404 quinquiginta

79 2452 107 2483 20
129 2433 265 2491 daturum
288 2437 320 2490 se
343 2431 514 2507 spopondit.
556 2432 672 2506 Quibus
695 2439 852 2491 numerans
873 2451 941 2491 cum
965 2435 1082 2510 exposi-

128 2549 174 2597 tus
189 2548 267 2596 esset
282 2538 311 2595 in
326 2538 419 2608 litore,
435 2537 591 2596 confestim
607 2539 753 2608 Mil'e‘tum,
768 2556 844 2613 quae
857 2540 927 2598 urbs
946 2541 1083 2614 proxime

128 2644 237 2714 aberat,
267 2643 436 2718 properivit
463 2643 563 2717 ibique
591 2650 743 2702 contracta
767 2645 869 2716 classe,
893 2645 1027 2704 invectus
1052 2647 1082 2705 in

128 2769 197 2808 eum
217 2750 326 2820 locum,
341 2750 371 2806 in
393 2754 452 2822 quo
474 2749 529 2823 ipsi
549 2749 715 2824 praedones
738 2761 828 2821 erant,
844 2760 959 2824 partem
980 2751 1083 2811 classis

128 2854 246 2930 fugavit,
269 2864 384 2928 partem
413 2855 523 2925 mersit,
549 2855 661 2929 aliquot
688 2860 777 2913 nives
805 2856 885 2930 cepit
912 2862 1080 2933 piratisque

79 2981 104 3027 25
127 2961 158 3017 in
186 2965 364 3034 potestatem
393 2960 529 3019 redictos
557 2966 594 3017 eo
622 2961 776 3035 supplicio,
799 2961 879 3036 quod
907 2961 962 3020 illis
990 2980 1081 3039 saepe

127 3070 254 3124 minitus
274 3065 350 3124 inter
370 3065 470 3124 iocum
493 3075 563 3137 erat,
579 3065 693 3123 adfecit
714 3073 852 3141 crucique
871 3067 991 3126 suffixit.

292 3196 379 3205 Ἀ*

127 3265 148 3298 2.
163 3251 266 3305 adfinis,
277 3252 390 3297 relations
403 3252 446 3311 (by
456 3252 596 3309 marriage).
647 3267 683 3309 24
699 3254 787 3307 mersit,
798 3255 862 3300 sank.

127 3338 148 3384 5.
163 3326 290 3381 vincerent,
308 3328 361 3373 tias
376 3327 427 3384 they
445 3327 523 3384 migckt
539 3328 598 3371 leave
648 3329 683 3373 26.
698 3330 802 3373 minatus
812 3335 869 3382 erat,
879 3329 929 3373 had
936 3328 1080 3381 threatened.

193 3401 256 3445 their
265 3415 323 3458 way.
1078 3388 1093 3403 '⁴
