2378 3788
416 211 530 274 Numa
551 212 740 296 Pompilius

165 493 232 548 ΠΙ.
262 491 381 546 Numa
409 492 619 559 Pompilius,
647 494 895 550 Romanorum
922 499 988 551 ooo

482 580 668 634 secundus.

484 723 597 782 715-673
615 730 664 770 nc„

138 851 285 911 Successit
305 852 435 911 Romulo
457 853 557 911 Numa
578 855 748 930 Pompilius,
763 856 807 914 vir
825 857 927 915 inclita
944 857 1054 916 iustitia

95 967 127 1016 et
147 957 299 1032 religione.
342 959 372 1015 Is
395 958 530 1030 Curibus,
550 977 587 1016 ex
610 961 723 1035 oppido
743 963 926 1034 Sabinorum,
942 970 1052 1022 accitus

94 1072 151 1121 est.
193 1063 342 1137 Quicum
364 1063 492 1121 Romam
513 1065 649 1138 v'e‘nisset,
671 1077 703 1124 ut
726 1068 868 1142 populum
891 1069 986 1127 ferum
1007 1088 1051 1127 re-

66 1165 69 1168 ’
93 1168 204 1244 ligibne
226 1168 381 1243 mitigaret,
400 1187 482 1227 sacra
503 1170 629 1244 plurima
650 1173 784 1230 instituit.
825 1159 916 1231 {tram
943 1175 1051 1233 Vestae

93 1274 287 1345 consecravit,
303 1284 333 1332 et
346 1280 445 1349 ignem
460 1275 490 1332 in
507 1281 557 1334 ara
577 1283 723 1351 perpetuo
738 1278 879 1337 alendum
893 1280 1052 1355 virginibus
1087 1305 1098 1354 5

93 1379 189 1439 dedit.
233 1381 257 1438 F
258 1380 397 1438 laminem
417 1381 496 1439 Iovis
519 1381 707 1441 sacerdotem
729 1384 840 1442 creavit
859 1402 986 1460 eumque
1007 1391 1050 1442 in-

93 1494 169 1563 signi
190 1498 272 1546 veste
296 1498 326 1546 et
348 1488 440 1546 curuli
463 1489 534 1546 sellai
557 1490 721 1548 adornavit.
765 1490 880 1548 Dicitur
899 1492 1051 1566 quondam

92 1596 192 1670 ipsum
209 1596 314 1654 Iovem
328 1599 345 1653 δ
360 1595 444 1653 caelo
464 1595 606 1654 elicuisse.
655 1597 715 1654 Hic
737 1596 903 1672 ingentibus
925 1597 1050 1656 fulmini-

92 1702 200 1762 busin
221 1702 325 1763 urbem
346 1701 480 1762 demissis
502 1702 657 1761 descendit
683 1703 714 1762 in
739 1722 843 1762 nemus
863 1706 1050 1778 Aventinum,

91 1809 145 1868 ubi
165 1811 296 1868 Numam
317 1811 428 1882 docuit,
443 1811 550 1885 quibus
572 1819 659 1869 sacris
683 1811 804 1868 fulmina
825 1822 923 1869 essent
943 1816 1049 1887 procu·
1072 1834 1099 1864 10

92 1915 195 1991 tanda,
211 1927 242 1976 et
255 1924 408 1994 praeterea
422 1919 538 1994 imperii
552 1929 633 1977 certa
648 1925 771 1994 pignora
785 1918 897 1994 populo
912 1920 1049 1977 Romano

91 2023 232 2082 datiuum
260 2029 292 2083 se
320 2044 383 2084 esse
411 2026 555 2101 promisit.
598 2027 697 2083 Numa
727 2025 820 2082 laetus
848 2043 910 2082 rem
937 2026 1048 2101 populo

91 2131 245 2189 nuntiavit.
288 2132 433 2191 Postridie
447 2139 550 2192 omnes
565 2133 603 2191 ad
623 2133 711 2190 aedes
733 2133 826 2207 regias
848 2136 1050 2190 convenerunt

91 2239 271 2315 silentesque
300 2241 520 2316 exspectabant,
550 2240 622 2317 quid
654 2241 783 2299 futurum
813 2248 900 2298 esset.
951 2240 1049 2313 Atque

90 2347 153 2405 sole
176 2352 243 2405 orto
265 2346 411 2406 delebitur
435 2353 452 2406 ἔ
476 2349 559 2406 caelo
585 2353 675 2406 scisso
701 2353 825 2419 scutum,
849 2344 930 2421 quod
954 2345 1048 2402 ancile
1071 2361 1095 2410 ις

90 2454 250 2530 appellavit
264 2455 373 2512 Numa.
415 2454 452 2512 Id
467 2460 505 2512 ne
518 2455 597 2512 furto
618 2455 724 2513 auferri
743 2463 853 2530 posset,
869 2451 1047 2510 Mamurium

90 2560 207 2620 fabrum
237 2561 377 2621 undecim
408 2569 491 2621 scuta
523 2564 629 2621 eidem
657 2564 754 2621 sormi
783 2562 924 2620 fabricare
955 2559 1047 2617 iussit.

91 2667 262 2727 Duodecim
291 2679 389 2728 autem
422 2670 515 2729 Salios
549 2670 653 2728 Martis
690 2668 859 2729 sacerdotes
889 2667 969 2742 legit,
997 2673 1048 2740 qui

90 2775 205 2846 ancssia,
227 2779 340 2834 secreta
360 2776 409 2834 illa
428 2777 547 2851 imperii
571 2783 702 2851 pignora,
727 2775 909 2834 custodirent
934 2783 964 2830 et
986 2774 1045 2830 Ka·

89 2878 186 2938 lendis
206 2881 321 2939 Martiis
341 2899 396 2956 per
415 2883 518 2941 urbem
541 2887 682 2939 canentes
705 2891 734 2939 et
755 2891 809 2938 nte
831 2880 969 2938 saltantes
990 2879 1045 2936 ser·
1067 2889 1095 2921 2⁰

90 2994 164 3043 rent.
206 2987 326 3044 Annum
353 2987 384 3044 in
411 2986 573 3045 duodecim
602 2991 718 3045 menses
747 2985 785 3043 ad
815 3005 932 3043 cursum
960 2985 1045 3042 lunae

91 3089 266 3167 descripsit3
292 3091 424 3151 nefistos
450 3092 601 3167 fastosque
630 3092 695 3152 dies
723 3092 815 3165 fficit3
843 3097 943 3167 portas
972 3091 1045 3148 Iano

90 3197 210 3273 gemino
235 3197 409 3267 aedificavit,
430 3207 463 3255 ut
488 3207 564 3256 esset
590 3197 681 3257 index
705 3198 787 3272 pacis
810 3208 838 3255 et
860 3197 946 3267 belli;
976 3212 1043 3251 nam

90 3312 219 3378 apertus,
241 3303 273 3360 in
295 3310 383 3362 armis
404 3322 467 3361 esse
490 3303 648 3375 civitatem,
673 3304 798 3374 clausuS,
823 3306 944 3377 pacatos
967 3299 1045 3356 circa

90 3412 196 3467 omnes
209 3409 345 3483 populos,
361 3409 553 3484 significabat.
