2378 3788
448 214 553 277 Gaius
575 213 710 276 Man'us
1011 228 1026 293 5
1032 229 1049 292 3

92 442 180 494 caitus
201 442 219 493 o
238 436 335 495 Cinna
356 436 386 493 in
408 436 523 493 ltaliam
544 435 640 505 rediit,
665 432 799 492 efferotus
819 435 912 508 magis
932 435 1050 490 calami-

92 548 157 600 tote
182 559 271 616 quam
297 541 434 599 domitus.
486 541 563 600 Cum
591 540 721 598 exercitu
750 541 878 597 Romam
907 541 1051 614 ingressus

94 667 164 706 eam
186 649 327 707 caedibus
349 658 378 706 et
400 654 507 722 rapinis
528 647 670 719 vostovit3
699 650 801 704 omuos
825 646 966 703 adversae
992 646 1049 702 fac-

94 754 186 812 tionis
218 754 333 812 nobilos
361 754 446 811 variis
480 753 692 828 suppliciorum
726 751 883 826 generibus
919 751 1031 809 adsocit
1043 773 1050 822 ;

95 867 228 934 quinque
248 859 312 918 dios
333 859 489 918 continuos
511 858 695 932 totidemque
718 861 821 914 noctos
842 858 891 914 illa
908 857 1050 914 scelernm
1074 878 1083 924 ς

95 966 232 1025 omnium
249 964 363 1023 durovit
381 965 508 1023 licentia.
549 966 620 1022 Hoc
638 973 773 1038 tempore
790 961 964 1020 admiranda
982 967 1051 1019 sone

95 1072 201 1147 populi
217 1073 344 1129 Romoni
362 1070 538 1130 abstinentia
556 1070 618 1127 fuit.
656 1070 733 1128 Cum
751 1069 830 1126 enim
849 1068 959 1125 Marius
976 1074 1052 1125 occi-

96 1182 198 1235 sorum
218 1170 325 1235 domos
344 1176 522 1235 multitirdini
543 1174 723 1249 diripiendis
745 1175 911 1245 obiocisset,
931 1174 1052 1231 inveniri

96 1282 196 1357 potuit
213 1274 312 1353 nomo,
326 1288 376 1357 qui
393 1283 468 1339 clvili
486 1282 566 1340 loctir
584 1280 725 1355 praedam
744 1290 877 1354 peteret;
898 1297 974 1353 quae
992 1280 1052 1353 qui·

97 1389 170 1446 dem
193 1398 254 1445 tam
277 1388 442 1446 misericors
465 1387 648 1445 continentia
672 1385 767 1461 plobis
793 1386 881 1442 tacita
905 1385 1051 1458 quaedam
1076 1407 1100 1437 ιο

97 1493 263 1551 crodolium
285 1497 428 1551 victorum
451 1493 626 1566 vituperatio
653 1491 716 1548 fuit.
770 1491 906 1548 Tandem
933 1491 1052 1560 Marius,

98 1600 182 1657 senio
206 1609 236 1657 et
261 1599 408 1658 laboribus
432 1598 585 1656 confectus
610 1599 640 1654 in
665 1597 801 1656 morbum
827 1596 930 1653 incidit
955 1606 984 1652 et
1009 1596 1051 1652 in-

98 1712 179 1780 genti
197 1705 329 1763 omnium
347 1705 456 1762 laetitio
472 1711 561 1762 vitam
580 1703 684 1760 finivit.
727 1702 817 1761 Cirius
835 1703 887 1759 viri
906 1708 929 1758 si
947 1701 1053 1758 exomi-

98 1820 207 1868 nentur
225 1829 293 1867 cum
312 1810 465 1869 virtotibus
484 1810 563 1880 vitia,
583 1809 662 1867 haud
684 1809 768 1866 facile
789 1808 825 1866 sit
844 1807 935 1878 dicto,
956 1818 1052 1863 utrum

99 1916 178 1975 bello
198 1916 309 1987 melior,
328 1934 366 1973 an
386 1922 460 1990 poce
480 1916 672 1990 perniciosior
689 1915 774 1971 fuerit
785 1935 793 1985 ;
816 1931 944 1987 namque
964 1930 1088 1986 quam15

99 2040 163 2079 rem
178 2021 327 2095 publicam
342 2027 469 2079 armotus
488 2021 621 2092 semovit,
637 2038 702 2077 eam
723 2024 818 2095 primo
838 2024 953 2093 togatus
973 2023 1053 2075 omni

98 2144 209 2201 genere
232 2126 349 2198 fraudis
365 2131 515 2200 postromo
537 2131 624 2183 armis
645 2126 787 2183 hostiliter
809 2126 921 2182 overtit.

141 2234 213 2290 Erat
229 2233 338 2289 Marius
353 2211 454 2290 durior
474 2232 512 2290 ad
535 2231 723 2289 humonitotis
745 2230 841 2288 studia
862 2239 892 2287 et
914 2231 1052 2303 ingenuo-

98 2343 289 2396 ruinartium
309 2347 507 2411 contemptor.
550 2337 626 2395 Cum
648 2335 755 2393 aedem
778 2335 911 2392 Honoris
933 2335 971 2392 de
994 2352 1053 2390 ma-

99 2444 195 2501 nubiis
218 2443 345 2501 hostium
363 2443 498 2512 vovisset,
513 2446 612 2515 sprotai
632 2446 853 2516 peregrinorum
876 2457 1053 2496 marmorum
1075 2462 1103 2492 ιο

98 2549 252 2608 nobilitote
277 2548 480 2621 artificumque
503 2548 685 2605 Graecorum
707 2556 768 2604 arte
794 2563 859 2603 eam
885 2545 992 2619 vulgori
1013 2546 1052 2602 la-

99 2654 170 2729 pide
189 2672 241 2727 per
258 2654 401 2711 artificem
426 2654 594 2710 Romanum
616 2653 727 2710 corovit
747 2651 971 2710 aedificandam.
1016 2652 1054 2707 Et

99 2761 230 2818 Graecos
249 2759 358 2817 litteras
379 2758 571 2833 despiciebat,
587 2758 669 2832 quod
687 2756 858 2814 doctoribus
876 2762 933 2813 suis
951 2774 1054 2830 parum

99 2865 138 2924 ad
154 2865 292 2922 virtotem
315 2864 500 2938 profuissent.
542 2866 580 2920 At
600 2863 681 2920 idem
704 2862 794 2933 fortis,
809 2861 931 2931 validus,
952 2862 1054 2919 adver-

99 2989 147 3028 sus
165 2970 299 3028 dolorem
317 2970 520 3028 confirmatus.
556 2968 632 3026 Cum
651 2974 678 3025 ei
694 2967 804 3025 varicos
825 2967 854 3023 in
874 2972 958 3024 crore
978 2972 1055 3024 secri-
1076 2987 1101 3034 ²5

99 3085 208 3146 rentur,
229 3075 321 3132 vetuit
346 3080 377 3132 so
402 3075 530 3148 adligari.
574 3059 684 3130 flerem
710 3083 808 3131 tamen
834 3071 920 3129 luisse
945 3071 1055 3128 doloris

99 3199 230 3239 morsum
255 3181 319 3255 ipse
344 3179 473 3238 ostendit
485 3201 492 3250 ;
515 3198 584 3235 narn
605 3179 733 3250 medico,
753 3178 877 3236 alterum
901 3182 966 3234 crirs
988 3194 1053 3250 pos-

99 3287 212 3357 tulanti,
240 3286 333 3342 noluit
365 3284 517 3359 praebere,
545 3282 627 3357 quod
660 3285 801 3342 minorem
836 3300 899 3340 esse
933 3280 1056 3338 remedii

99 3409 190 3465 quam
211 3391 307 3449 morbi
328 3391 462 3448 dolorem
486 3389 637 3447 iudicaret.
