2378 3788
169 220 210 282 88
380 218 476 282 Urbis
498 218 624 281 Romae
649 219 722 282 Viri
741 219 892 282 Illustres

167 439 313 511 inridenti,
339 438 421 514 quod
446 441 591 515 promisso
616 445 691 498 stare
716 445 777 497 non
803 441 956 516 potuisset.
1002 445 1049 504 At,
1070 442 1119 501 illa

167 545 264 604 inferri
283 549 415 603 mensam
433 544 595 603 secundam
614 545 705 604 iussit.
747 547 793 603 Ex
814 553 975 622 praecepto
995 548 1120 607 ministri

167 656 257 710 unum
272 660 386 709 tantum
400 656 450 708 vas
465 660 534 709 ante
548 669 616 709 eam
629 656 756 727 posuere
773 657 858 725 aceti,
874 653 957 711 cirins
976 653 1120 729 asperitais

166 764 266 832 visque
289 762 458 831 margaritas
479 757 606 815 resolvit.
649 759 848 832 Exspectante
869 758 957 836 igitur
976 761 1119 834 Antonio,

131 882 142 930 5
166 863 308 939 quidnam
324 871 400 920 esset
415 866 524 934 actura,
539 869 733 938 margaritam,
748 881 837 938 quam
852 864 969 924 auribus
985 867 1120 941 gerebat,

166 969 293 1028 detraxit
314 978 344 1026 et
364 972 449 1027 aceto
470 968 659 1043 liquefactam
680 969 840 1028 absorbuit.
887 970 1007 1030 Victum
1028 975 1121 1031 Anti)-

167 1075 247 1132 nium
269 1078 383 1146 omnes,
403 1078 454 1148 qui
474 1072 606 1146 aderant,
627 1076 898 1148 pronuntiiverunt.

207 1180 385 1239 Octavianus
406 1197 475 1237 cum
495 1180 626 1237 Antonio
647 1180 727 1256 apud
748 1182 875 1254 Actium,
897 1187 947 1256 qui
968 1182 1053 1241 locus
1075 1193 1121 1242 est

166 1288 196 1344 in
209 1270 311 1362 Epiro,
328 1285 421 1343 navali
440 1285 553 1361 proelio
574 1285 730 1344 dimicavit
776 1287 895 1345 Victum
910 1297 941 1346 et
955 1289 1120 1364 fugientem

120 1417 146 1448 ιο
166 1397 338 1469 persecutus
358 1392 525 1467 Aegyptum
542 1392 636 1466 petiit,
652 1401 682 1449 et
702 1392 1006 1469 Alexandriamque]
1025 1395 1119 1453 Anto·

166 1500 231 1557 nius
258 1516 326 1555 cum
356 1498 515 1571 Cleopatra
542 1497 725 1573 confugerat,
750 1498 875 1556 obsedit.
917 1501 1065 1559 Antonius
1089 1502 1121 1559 in

166 1606 269 1665 ultima
291 1609 389 1662 rerum
417 1602 634 1678 desperatione,
659 1622 728 1661 cum
755 1605 857 1665 habitu
885 1607 961 1682 regis
984 1607 1016 1664 in
1043 1607 1120 1666 solii)

166 1711 255 1787 sigali
275 1710 409 1782 sedisset,
431 1719 557 1768 mortem
580 1710 635 1769 sibi
659 1711 723 1785 ipse
744 1711 897 1769 conscivit.
948 1712 1119 1788 Cleopatra,

166 1836 256 1893 quam
285 1817 473 1888 Octavianus,
501 1815 687 1874 Alexandrea
715 1817 745 1875 in
773 1823 951 1892 potestatem
986 1817 1119 1891 redacta,

119 1945 143 1992 ις
167 1928 346 2000 magnopere
379 1921 518 1998 cupiEbat
544 1928 639 1981 vivam
668 1923 880 1999 comprehendi
907 1924 1119 2000 triumphoque

80 2045 83 2052 ’
167 2037 279 2102 servari,
300 2029 434 2106 aspidem
453 2030 509 2089 sibi
528 2029 720 2088 adferendam
741 2031 852 2088 curavit
874 2031 996 2106 eiusque
1019 2037 1119 2090 morsu

166 2137 261 2213 periit.
303 2137 494 2212 Cleopatrae,
509 2146 643 2195 mortuae
673 2141 863 2194 eommimem
891 2153 959 2194 cum
986 2139 1118 2196 Antonio

167 2243 346 2319 sepulturam
367 2242 474 2317 tribuit.

206 2349 342 2407 Tandem
357 2349 544 2420 Octivianus,
559 2347 691 2406 hostibus
706 2351 788 2406 victis
803 2347 881 2406 solus
895 2347 1021 2422 imperio
1040 2354 1118 2423 poti·

118 2481 146 2513 20
167 2463 222 2526 tus,
235 2455 412 2513 clementem
427 2458 459 2511 se
473 2453 613 2512 exhibuit.
652 2453 762 2511 Omnia
776 2453 899 2527 posthic
920 2453 951 2510 in
973 2459 1010 2511 eo
1031 2453 1121 2527 plina

167 2560 400 2618 mansuetndinis
415 2569 444 2618 et
459 2559 656 2617 humanitatis.
700 2560 800 2616 Multis
817 2559 927 2633 ignovit
940 2559 986 2617 vel
1001 2566 1052 2631 eis,
1068 2567 1119 2635 qui

167 2684 256 2740 saepe
284 2667 409 2741 graviter
437 2640 505 2724 eum
534 2663 725 2722 offenderant.
768 2665 913 2722 Reversus
941 2664 972 2722 in
1001 2665 1119 2723 Italiam

167 2772 348 2846 triumphans
364 2773 492 2829 Romam
511 2771 657 2845 ingressus
672 2778 725 2827 est.
766 2771 844 2827 Tum
863 2769 945 2827 bellis
965 2774 1028 2827 toto
1045 2771 1118 2829 orbe

166 2878 339 2952 compositis
358 2879 420 2935 Iani
433 2877 543 2951 gemini
560 2881 658 2950 portas
676 2880 728 2932 sua
747 2879 835 2933 mann
854 2874 966 2946 clausit,
981 2892 1058 2948 quae
1074 2877 1119 2935 bis

118 3009 144 3057 25
167 2993 280 3041 tantum
302 2989 389 3041 antea
410 2983 525 3040 clausae
547 2981 670 3050 suerunt,
694 2987 820 3054 primum
842 2980 896 3039 sub
918 2981 1018 3037 Numa
1038 2985 1119 3056 rege,

166 3089 271 3146 iterum
301 3099 368 3162 post
397 3095 520 3162 primum
555 3087 697 3143 Punicum
727 3086 845 3144 bellum.
899 3087 984 3143 Tunc
1013 3089 1120 3145 omnes

167 3265 187 3297 2.
203 3251 317 3304 mimam,
329 3263 414 3295 course.
668 3261 701 3294 12.
717 3249 784 3302 solio,
797 3249 886 3294 throne.

166 3338 187 3383 3.
203 3325 270 3379 aceti,
282 3325 388 3381 vinegar.
667 3325 701 3369 16.
717 3323 835 3380 aspidem,
845 3329 892 3381 asp,
903 3323 977 3381 viper.

165 3415 187 3459 4.
202 3404 346 3457 margaritis,
352 3403 440 3459 pearln
