2378 3788
26 330 30 337 Ι
391 245 496 310 Gaius
518 247 686 309 Fabricius
971 263 1008 308 21

9 370 30 553 l

83 460 112 520 cii
122 478 203 543 caput
218 467 345 526 demisit.
387 466 445 525 Sed
463 467 511 524 ille
529 467 701 525 subridens:
724 469 860 542 “Neque
882 470 944 526 heri
965 474 1013 528 me

73 588 164 630 aurum
179 584 261 631 tuum
276 573 404 649 pellexit,
420 591 516 647 neque
532 573 621 631 hodie
637 574 840 648 perterrefecit
857 576 970 632 belua.’'

104 680 229 737 Fabricii
243 677 400 736 admiratus
414 679 551 736 virtatem
574 679 698 752 Pyrrhus
716 679 797 736 illum
813 685 927 738 secrete
943 682 1012 738 invi-

62 786 142 856 tavit,
157 796 190 843 ut
204 785 328 859 patriam
343 783 491 841 desereret
511 789 671 859 secumque
689 785 776 842 vellet
790 793 895 856 vivere,
910 794 1013 861 quarta

58 891 149 949 etiam
165 895 248 965 regni
262 897 305 948 sui
319 900 403 964 parte
418 891 534 961 oblata;
557 893 603 947 cui
623 892 771 949 Fabricius
786 893 826 950 ita
840 893 1010 968 respondit:
1048 909 1057 957 5

56 999 116 1056 “Si
139 1001 189 1054 me
208 996 304 1054 virum
325 996 435 1055 bonum
457 996 577 1067 iiidicas,
598 1002 650 1054 car
671 975 719 1055 me
740 1004 781 1055 vis
803 1002 1013 1075 corrumpere?

56 1110 100 1161 sin
117 1108 189 1161 vere
204 1103 323 1174 malum,
338 1108 390 1161 eiu
405 1108 452 1161 me
467 1104 607 1160 ambis?''
649 1106 735 1161 Anne
754 1105 915 1177 interiecta,
932 1113 1013 1165 omni

55 1214 112 1285 spe
128 1210 210 1284 pacis
225 1210 300 1267 inter
315 1184 456 1284 Pyrrhum
472 1219 502 1266 et
516 1211 668 1267 Remanes
682 1210 885 1270 conciliandae
907 1213 1011 1284 ablata,

58 1315 212 1374 Fabricius
227 1315 329 1374 cansul
344 1316 436 1373 factus
451 1322 554 1373 contra
574 1335 642 1373 eum
662 1319 765 1375 missus
780 1328 832 1375 est.
875 1319 1011 1393 Cumque

56 1427 155 1478 vicina
175 1431 271 1478 castra
291 1423 354 1497 ipse
376 1432 406 1480 et
427 1428 478 1480 rex
499 1418 650 1494 haberent,
668 1424 802 1481 medicus
825 1425 900 1498 regis
923 1435 1010 1481 nocte
1035 1447 1060 1478 ιο

57 1527 98 1585 ad
115 1527 282 1585 Fabricium
296 1528 376 1586 venit
391 1535 476 1603 eique
491 1529 638 1603 pollicitus
659 1541 712 1600 est,
728 1537 751 1587 si
772 1530 934 1603 praemium
957 1529 1011 1588 sibi

58 1633 271 1707 proposuisset,
286 1638 318 1691 se
333 1635 473 1708 Pyrrhum
488 1640 603 1692 venene
621 1639 801 1692 necatarum.
845 1637 934 1692 Hunc
957 1636 1011 1693 Fa-

58 1738 169 1797 bricius
183 1739 313 1796 vinctum
328 1740 428 1797 redaci
444 1741 524 1798 iussit
540 1741 577 1798 ad
592 1740 744 1798 dominum
768 1751 797 1797 et
819 1740 929 1815 Pyrrhe
944 1741 1010 1814 dici,

58 1861 137 1918 quae
152 1850 255 1902 contra
269 1855 358 1919 caput
373 1845 434 1903 eius
449 1845 583 1903 medicus
598 1845 814 1920 spopondisset.
856 1848 883 1903 T
885 1865 941 1903 unc
961 1852 1012 1904 rex

55 1950 218 2008 admiratus
244 1968 312 2008 eum
337 1950 443 2008 dixisse
469 1952 576 2009 fertur:
608 1952 689 2008 “Ille
716 1962 759 2009 est
782 1953 940 2022 Fabricius,
962 1957 1012 2026 qui
1034 1973 1058 2020 15

58 2053 207 2113 difficilius
234 2055 274 2114 ab
301 2056 456 2114 honestate
485 2075 573 2130 quam
601 2057 645 2115 sal
673 2062 690 2113 a
718 2062 770 2114 sue
799 2061 885 2114 cursa
913 2065 1012 2132 potest

57 2161 179 2218 averti.’'

101 2265 252 2324 Fabricius
266 2285 334 2324 cum
348 2265 428 2341 apud
444 2266 585 2341 Pyrrhum
607 2271 707 2341 regem
728 2268 839 2343 legatus
860 2278 946 2338 esset,
962 2269 1010 2326 Ci-

57 2388 147 2428 neam
167 2371 277 2430 audivit
297 2376 464 2430 narrantem
486 2390 549 2429 esse
575 2372 723 2447 quendam
749 2374 880 2443 Athenis,
903 2379 953 2447 qui
979 2376 1011 2430 se

57 2476 224 2551 sapientem
239 2477 433 2552 profiteretur,
449 2496 574 2552 eumque
590 2476 699 2549 dicere,
715 2479 815 2536 omnia
835 2497 910 2552 quae
933 2479 1008 2536 face·
1031 2500 1059 2532 ιο

57 2586 166 2653 remuS,
183 2582 222 2641 ad
243 2583 424 2658 voluptatem
446 2602 510 2642 esse
532 2585 694 2642 referenda.
735 2585 821 2641 Tunc
844 2585 1010 2642 Fabricium

57 2688 238 2745 exclamasse
252 2687 366 2746 ferunt:
390 2691 540 2748 “Utinam
561 2690 591 2748 id
612 2691 744 2748 hostibus
765 2695 870 2747 nostris
892 2694 1008 2764 persua·

57 2791 170 2864 deatur‚
195 2798 256 2868 qua
284 2793 396 2852 facilius
423 2795 500 2853 vinci
524 2797 645 2870 possint,
668 2815 736 2853 cum
758 2800 790 2853 se
812 2796 1009 2870 voluptatibus

18 2908 21 2914 '
57 2897 197 2956 dederint
209 2901 215 2957 !
227 2899 244 2926 ”
283 2899 368 2957 Nihil
389 2901 481 2976 magis
500 2901 538 2958 ah
553 2903 614 2960 eius
628 2908 688 2960 vita
701 2902 828 2958 alienum
843 2912 905 2959 erat
920 2920 1008 2976 quam

56 3003 192 3078 voluptas
207 3013 238 3062 et
251 3004 344 3063 laxus.
378 3005 455 3063 Teta
470 3006 532 3064 eius
546 3007 676 3081 supellex
691 3017 829 3081 argentea
844 3009 934 3065 salina
949 3012 1009 3065 ana
1029 3025 1055 3072 25

57 3110 212 3169 canstabat
228 3119 260 3168 et
273 3110 381 3186 patella
394 3110 432 3168 ad
447 3116 533 3169 risum
554 3117 712 3182 sacrenrm,
727 3131 802 3186 quae
824 3119 934 3171 comee
956 3131 1007 3188 pe-

56 3214 156 3273 dicule
170 3215 376 3274 sustinebatur.
412 3217 547 3275 Cenabat
558 3216 596 3273 ad
608 3217 707 3274 focum
722 3218 834 3275 radices
849 3228 879 3275 et
893 3218 1007 3289 herbas,

56 3337 125 3377 cum
146 3320 236 3397 legati
255 3320 428 3380 Samnitium
449 3320 487 3379 ad
510 3312 577 3379 eu'm
598 3327 741 3380 venerunt
762 3328 958 3398 magnamque
981 3328 1009 3379 ei

55 3426 216 3489 pecaniam
236 3426 404 3486 obtulerunt
415 3447 423 3499 ;
445 3428 552 3502 quibus
567 3434 608 3485 sic
621 3427 793 3504 respondit:
816 3428 944 3503 “Quam
957 3427 1010 3486 dia
