2378 3788
140 201 179 264 32
362 184 458 248 Urbis
480 185 606 247 Romae
630 184 702 247 Viri
722 184 873 246 Illustres

138 405 260 480 quidem
275 412 371 463 macte
386 407 491 463 virtute
512 409 594 463 esth!
637 405 694 464 Sed
716 410 799 478 cave,
814 407 952 482 exiguum
974 417 1089 483 tempus

139 516 155 570 e
170 512 304 570 manibus
319 512 447 569 hostium
465 511 610 569 euadendi
631 510 737 585 perdas
751 515 757 569 l
799 513 864 584 Abi,
880 514 984 571 nuntia
1003 516 1090 590 patri-

138 617 202 690 bus,
225 626 257 674 ut
278 618 380 676 urbem
406 617 537 674 muniant
561 635 596 673 ac
622 617 791 691 priusquam
813 618 905 676 hostis
927 623 1021 678 victor
1042 623 1092 681 ad·

138 724 244 795 veniat,
266 723 417 797 praesidiis
440 722 568 779 firment.
612 724 664 780 M'e'
692 723 722 780 in
750 723 805 780 hac
834 731 929 800 strage
959 735 1095 788 merirum

579 829 595 853 Η

104 862 116 909 5
139 830 263 886 militum
292 833 392 902 pat'ere
422 834 576 902 exspirare.

652 829 733 886 Alter
761 832 863 889 cunsul
892 852 959 891 cum
992 845 1097 910 paucis

139 936 286 1011 equitibus
310 934 470 991 Venusiam
495 934 635 1009 perfugit.
683 936 857 996 Cbnsulares
880 951 930 997 aut
954 947 1097 1016 praetdrii

139 1041 312 1102 occiderunt
340 1041 449 1115 viginti,
479 1045 628 1098 senatbres
658 1049 737 1117 capti
765 1054 814 1102 aut
848 1053 937 1104 occisi
967 1051 1097 1124 triginta,

138 1151 253 1209 nabiles
274 1150 326 1206 viri
347 1154 478 1220 trecenti,
496 1149 619 1205 militum
641 1149 835 1225 quadraginta
856 1153 944 1225 milia,
960 1156 1098 1229 equitum

140 1258 195 1314 tria
209 1256 287 1313 milia
302 1266 332 1313 et
349 1260 509 1329 quingenti.
554 1257 704 1313 Hannibal
727 1258 757 1314 in
780 1259 979 1316 testimbnium
1002 1264 1099 1321 victri-

92 1393 118 1424 ιο
141 1365 199 1420 riae
222 1381 289 1420 suae
314 1367 372 1419 tres
395 1361 510 1419 modicis
533 1368 688 1420 aurearum
711 1364 863 1421 anulinum
885 1366 1100 1442 Carthaginem

141 1470 227 1540 misit,
242 1474 316 1543 queis
332 1469 370 1526 de
391 1468 525 1527 manibus
548 1469 680 1543 equitum
702 1472 904 1528 Rumanbrum
926 1482 955 1529 et
977 1480 1099 1533 senati)-

140 1595 203 1634 rum
219 1575 392 1632 detraxerat.

180 1682 341 1738 Hannibali
362 1685 464 1739 victuri
486 1693 555 1738 cum
576 1686 667 1739 ceteri
692 1682 903 1756 gratularentur
924 1684 1098 1745 suaderent-

139 1807 206 1863 que,
221 1798 253 1845 ut
268 1788 399 1862 quietem
414 1788 472 1844 iam
488 1788 551 1862 ipse
567 1793 694 1845 simeret
711 1799 740 1845 et
756 1789 835 1845 fessis
851 1790 987 1848 militibus
1001 1791 1099 1866 daret,

92 1920 116 1967 15
139 1900 212 1952 rinus
241 1912 278 1951 ex
306 1894 367 1951 eius
396 1894 561 1967 praesectis,
584 1894 747 1965 Maharbal,
770 1895 892 1952 minimi}
917 1898 1098 1956 cessandum

139 2011 226 2072 ratuS,
242 2000 461 2073 Hannibalique
477 2000 612 2071 suadem,
628 2010 660 2057 ut
679 2000 776 2057 statim
799 2001 926 2057 Rumam
949 2014 1098 2076 pergeret,

140 2107 226 2164 “Die
251 2108 382 2180 quint6‚”
405 2107 508 2181 inquit,
531 2106 707 2163 “victorin
730 2106 877 2179 Capitalib
900 2108 1114 2183 epulaberislf

139 2213 275 2288 Cumque
291 2214 443 2271 Hannibal
458 2212 529 2269 illud
544 2218 603 2269 nbn
619 2212 782 2285 probasset,
799 2213 961 2286 Maharbal,
994 2218 1012 2245 “
1024 2216 1099 2274 Ndn

139 2321 239 2377 omnia
253 2323 418 2390 nimirum‚‘’
431 2321 533 2394 inquit,
545 2317 669 2375 “eidem
680 2318 721 2374 dii
732 2317 851 2375 dedere.
891 2319 1017 2376 Vincere
1028 2327 1096 2393 scIS,

90 2449 118 2480 20
141 2427 309 2499 Hannibal;
339 2428 460 2485 victdria
482 2431 524 2483 uti
547 2426 671 2481 nescis.’'
718 2426 805 2480 Mora
831 2424 915 2481 huius
941 2425 1000 2482 dia
1025 2428 1096 2485 satis

139 2533 268 2590 creditur
283 2535 367 2591 saluti
382 2534 467 2591 fuisse
482 2532 547 2589 urbi
563 2542 591 2588 et
607 2531 740 2605 imperii).
785 2531 936 2587 Hannibal
951 2549 1018 2588 cum
1033 2533 1094 2588 vic-

139 2640 213 2697 tdriai
227 2651 327 2713 posset
345 2646 395 2712 riti,
412 2641 466 2696 frui
488 2639 598 2708 maluit,
614 2637 772 2710 relictaque
796 2638 894 2693 Rbma
914 2637 944 2693 in
966 2637 1095 2710 Campa-

139 2746 218 2801 niam
226 2746 358 2816 devertit,
374 2746 455 2802 cirins
470 2745 581 2802 deliciis
597 2763 666 2801 mox
682 2743 828 2800 coercitus
844 2741 930 2799 ardor
945 2742 1094 2816 elanguit,

139 2851 215 2908 ade&
234 2860 266 2907 ut
283 2855 351 2907 vire
372 2851 485 2908 dictum
507 2851 551 2921 sit,
568 2851 703 2925 Capuam
726 2849 889 2906 Hannibali
910 2848 1027 2905 Cannas
1049 2848 1091 2904 su-

89 2971 116 3017 25
139 2957 203 3014 isse.

179 3064 350 3136 Numquam
376 3074 488 3120 tantum
514 3064 630 3138 pavhris
656 3065 771 3120 Rbmae
797 3062 859 3133 fuit,
875 3071 1016 3135 quantum
1042 3060 1094 3118 ubi

139 3178 279 3242 acceptae
295 3168 386 3226 cladis
402 3170 519 3226 nuntius
534 3169 661 3226 advenit.
701 3170 808 3242 Neque
824 3179 924 3226 tamen
939 3170 996 3226 ulla
1011 3168 1093 3241 pacis

139 3275 250 3332 mentiri
266 3275 342 3330 facta
357 3285 400 3331 est
412 3296 419 3346 ;
442 3275 619 3348 quinetiam
642 3275 740 3331 animi)
763 3275 862 3330 civitas
886 3274 961 3331 aden
985 3279 1093 3347 magni>

139 3379 200 3452 suit,
216 3389 248 3439 ut
262 3380 387 3436 Varrt'mi
402 3398 438 3436 ex
453 3385 533 3436 tanta
553 3379 637 3436 clade
659 3379 794 3436 redeunti
815 3380 896 3441 euius
919 3381 981 3445 ipse
1004 3397 1094 3449 causa
