2378 3788
143 255 185 316 42
366 238 462 300 Urbis
484 237 610 299 Romae
641 237 713 300 Viri
733 237 883 300 Illustres

143 478 233 534 quam
247 460 337 518 vados
352 460 413 517 sisti
427 460 558 532 iusserat,
572 459 717 534 oppidum
738 469 858 534 captum
879 471 931 518 est.
977 460 1093 520 Eodem

144 564 192 623 dio
207 565 237 622 in
251 584 319 622 arce
334 566 397 623 oius
411 564 515 641 oppidi
529 566 573 624 ios
587 565 669 624 dixit.

184 671 336 729 Hannibal
357 677 375 728 a
395 671 532 746 Scipione
553 673 646 729 victus
668 678 785 745 suisque
806 671 922 744 invisus,
937 671 977 730 ad
991 673 1093 732 Antio·

143 778 240 848 chum,
257 777 354 852 Syriae
377 781 487 852 rogem,
505 777 638 852 conlogit
660 794 787 851 eumque
811 777 927 835 hostem
952 779 1095 837 Romanis

109 903 120 950 5
143 882 223 940 t‘ecit.
266 884 349 940 Missi
369 893 437 940 sunt
459 883 555 941 Romo
569 883 656 957 logoti
670 882 708 940 ad
722 883 922 955 Antiochum;
943 883 1095 958 inquibus

45 989 49 996 '
143 998 205 1045 erat
219 988 317 1062 Scipio
331 971 504 1060 Adicimus,
526 994 660 1062 quicum
681 987 849 1046 Hannibale
867 989 979 1063 Ephesi
997 990 1096 1047 conlo

142 1099 227 1151 cotus
242 1094 279 1152 ab
294 1099 330 1152 eo
341 1093 492 1168 quaesivit,
504 1111 593 1168 quern
608 1093 695 1151 fuisse
711 1093 870 1151 moximum
884 1094 1095 1168 imperatorem

143 1199 287 1257 eroderet.
330 1199 497 1273 Respondit
526 1199 686 1269 Hannibal,
714 1199 923 1272 Alexandrum,
950 1200 1094 1259 Macedo-

142 1323 213 1362 num
228 1309 337 1380 rogem,
352 1305 513 1362 moximum
529 1305 582 1363 sibi
597 1304 697 1377 vidori,
707 1304 788 1379 quod
803 1311 893 1379 parvo
907 1310 995 1363 mano
1009 1305 1095 1364 innu-

96 1433 122 1464 ιο
143 1411 297 1468 merabilos
325 1411 470 1468 exercitos
498 1409 630 1467 fodisset.
673 1398 834 1484 Quaerenti
861 1410 980 1484 deinde,
1004 1429 1095 1486 quem

143 1515 306 1574 secundum
328 1521 461 1590 poneret,
501 1516 700 1592 “Pyrrhum''
725 1516 829 1590 inquit,
853 1516 962 1591 “quod
985 1523 1095 1592 primus

142 1631 237 1679 castra
258 1626 360 1679 motin
381 1621 483 1680 docuit
504 1626 652 1696 nomoque
673 1621 723 1679 illo
744 1622 906 1696 olegantius
927 1622 994 1680 loca
1014 1623 1096 1699 copit

143 1736 173 1785 et
193 1727 341 1802 praesidia
361 1727 533 1802 disposuit.”
577 1727 740 1785 sciscitanti
761 1727 899 1802 d'e'nique,
921 1746 1011 1802 quem
1036 1740 1092 1787 ter-

142 1833 216 1891 tium
238 1833 369 1904 doceret,
392 1837 485 1890 somet
508 1833 604 1907 ipsum
627 1832 709 1891 dixit.
750 1834 827 1890 Tum
852 1832 950 1891 ridons
975 1834 1084 1909 Scipio,

95 1959 119 2007 ις
143 1938 322 2012 “Quidnam
337 1943 369 1996 to
383 1938 526 2008 dicerosss'
541 1939 644 2013 inquit,
657 1943 706 1996 “si
720 1943 768 1996 mo
779 1939 917 1997 vicissos?
929 1940 945 1966 ”
989 1943 1006 1970 “
1015 1941 1094 1998 Tum

142 2049 190 2102 mo
207 2046 306 2116 voro,’'
322 2043 475 2119 respondit
496 2045 657 2116 Hannibal,
674 2049 732 2103 “et
752 2055 820 2102 ante
841 2045 1043 2104 Alexandrum
1065 2057 1095 2105 et

141 2161 209 2208 ante
232 2150 373 2226 Pyrrhum
397 2161 427 2209 et
451 2160 519 2209 ante
544 2156 647 2209 omnos
672 2151 744 2210 alios
764 2151 956 2226 imperotoros
980 2153 1094 2227 posuis·

141 2257 233 2313 sem.'’
277 2257 323 2313 Ita
344 2257 502 2330 improviso
524 2256 735 2315 adsentationis
756 2275 864 2330 genere
885 2257 1055 2332 Scipionem
1077 2263 1094 2316 ἓ

140 2379 227 2436 grege
250 2361 458 2435 imperitorum
480 2362 559 2420 velut
579 2362 823 2420 inaestimobilem
845 2363 1026 2421 socemobat.

92 2487 120 2518 20
180 2467 278 2541 Scipio
301 2467 364 2541 ipse
388 2467 478 2524 fertur
497 2468 649 2542 quondam
671 2468 786 2539 dixisse,
802 2486 870 2524 cum
888 2486 955 2525 eum
970 2467 1094 2542 quidam

140 2590 243 2647 parurn
270 2577 436 2647 prignocem
458 2572 599 2647 dicerent,
640 2575 882 2648 “Imperotorem
911 2577 960 2630 mo
988 2578 1093 2646 moter,

139 2682 200 2734 non
222 2677 394 2736 bellatorem
417 2678 561 2752 peperit.'’
604 2672 691 2736 ldem
714 2679 812 2736 dicere
837 2678 937 2736 solitus
959 2688 1013 2751 est,
1030 2685 1094 2738 non

140 2783 233 2840 solum
256 2782 386 2840 dandam
407 2801 471 2841 esse
492 2784 569 2841 viam
592 2783 779 2859 fugientibus,
802 2784 855 2842 sed
878 2784 968 2842 etiam
996 2787 1092 2843 moni-

140 2887 256 2946 endam.

89 3016 116 3064 25
179 2995 309 3051 Docroto
323 2992 462 3052 adversus
475 2995 653 3052 Antiochum
668 2995 746 3054 bello
762 3014 829 3052 curn
845 2995 926 3070 Syria
940 2996 1093 3070 provincia

138 3099 306 3157 obvonisset
331 3101 423 3158 Locio
447 3100 585 3175 Scipioni,
607 3101 676 3174 quia
698 3118 801 3174 parum
824 3102 855 3158 in
877 3106 914 3159 eo
933 3102 1092 3176 putobotur

138 3223 201 3261 esse
229 3205 328 3275 animi,
350 3224 453 3280 parurn
481 3206 603 3277 roboris,
626 3212 743 3263 senotus
768 3206 890 3280 gerendi
913 3207 998 3264 holus
1022 3208 1092 3266 belli

137 3315 236 3367 coram
257 3310 389 3369 mandari
402 3312 521 3371 volobat
535 3312 665 3387 collogae
681 3312 742 3369 oius
758 3312 792 3370 C.
809 3313 920 3371 Laelio.
964 3313 1090 3388 Surgons

137 3424 207 3472 tunc
229 3417 327 3491 Scipio
348 3403 510 3489 Africanus,
527 3418 615 3476 froter
636 3419 728 3476 maior
746 3419 828 3475 Locii
841 3419 994 3492 ScipioniS,
1009 3419 1089 3477 illam
