2378 3788
140 228 179 305 38
358 226 455 290 Urbis
477 227 602 289 Romae
628 226 701 289 Viri
721 224 873 287 Illustres

138 446 251 505 dudum
267 448 414 522 cupiebat.
457 448 569 521 Quare
585 446 706 504 adeum
722 450 779 503 tras
796 445 991 529 Numidagum
1013 452 1088 521 prin-

138 553 219 627 cipes
239 554 317 611 misit
338 553 375 610 ad
398 563 515 628 tempus
534 553 693 627 locumque
710 551 870 625 conloquio
891 552 1089 610 statuendum.

140 661 221 718 Duas
244 664 298 734 pra
321 658 473 716 obsidibus
495 659 614 716 retineri
634 664 652 716 a
676 656 813 733 Scipione
839 656 920 715 iubet
931 677 940 728 ;
969 658 1090 714 remisso

139 766 234 837 tertio,
249 771 299 839 qui
317 764 503 822 Masinissam
523 762 560 820 ad
583 764 682 821 locum
704 762 896 821 constitutum
918 761 1089 832 addiceret,

104 877 115 923 5
138 872 236 946 Scipio
253 881 283 928 et
301 869 456 928 Masinissa
473 875 660 943 cumpaucis
681 869 711 925 in
732 868 923 942 conloquium
937 871 1090 925 variarunt.

138 977 266 1051 Ceperat
291 976 349 1033 iam
375 987 444 1033 ante
471 975 633 1033 Numidam
656 992 693 1032 ex
717 974 797 1033 sama
821 978 918 1030 rarum
942 978 1090 1047 gestarum

138 1082 291 1139 admiratio
305 1082 368 1152 viri,
383 1081 436 1138 sed
451 1081 544 1138 maior
559 1079 721 1155 praesentis
735 1079 885 1137 veneratio
906 1078 1006 1151 capit3
1029 1088 1091 1136 erat

138 1188 217 1245 enim
232 1187 262 1244 in
277 1187 356 1245 vulta
372 1187 507 1244 maiestas
522 1204 655 1257 summa;
680 1185 844 1243 accad'e'bat
866 1186 1009 1258 promissa
1023 1202 1089 1241 cae-

138 1293 226 1351 saties
242 1293 416 1366 habitusque
432 1293 573 1366 corporis,
585 1296 645 1348 non
656 1291 751 1348 cultus
767 1289 925 1361 munditiis
935 1288 989 1347 sed
1003 1289 1091 1347 virilis

92 1421 117 1451 ιο
137 1403 206 1456 vera
221 1417 256 1456 ac
271 1398 408 1468 militaris
425 1408 454 1455 et
470 1398 576 1455 florens
591 1398 718 1454 iuventa.
758 1398 855 1470 Prope
869 1395 1010 1454 attonitus
1025 1395 1091 1470 ipsa

139 1510 296 1580 congressa
320 1504 452 1561 Numida
473 1504 578 1579 gratias
603 1502 641 1560 da
664 1503 727 1560 filio
751 1502 844 1560 fratris
866 1504 987 1559 remissa
1010 1501 1071 1575 agit
1081 1521 1090 1573 3

139 1611 278 1669 adfirmat
293 1614 324 1667 se
339 1628 376 1666 ex
395 1614 431 1667 ea
454 1618 589 1683 tempore
609 1627 675 1666 eam
695 1608 872 1682 quaesivisse
891 1607 1090 1678 occasionem,

138 1734 228 1791 quam
250 1715 371 1774 tandem
394 1716 522 1773 oblatam
545 1719 605 1772 non
627 1715 757 1771 omiserit
768 1734 777 1785 5
806 1730 915 1788 cupere
941 1717 972 1770 sa
996 1712 1037 1769 illi
1062 1722 1092 1770 et

138 1823 249 1897 populo
279 1824 414 1880 Romana
443 1838 565 1895 operam
592 1825 707 1877 navare.
761 1820 867 1876 Laetus
895 1836 963 1876 eum
991 1818 1091 1893 Scipio

92 1949 115 1996 15
139 1929 248 1986 audivit
269 1938 356 2002 atque
379 1927 409 1983 in
431 1927 603 1984 societatem
625 1925 744 2001 recepit.
775 1943 779 1954 ¹

179 2033 277 2107 Scipio
302 2032 412 2096 deinde
440 2033 568 2089 Romam
597 2031 684 2089 rediit
712 2040 742 2088 et
770 2040 838 2088 ante
866 2034 959 2088 annos
987 2029 1091 2088 consul

138 2141 231 2197 factus
256 2149 309 2196 est.
352 2137 449 2197 Sicilia
473 2143 501 2194 ei
524 2137 674 2211 provincia
697 2137 817 2195 decrata
839 2146 882 2194 est
902 2138 1090 2210 permissum·

138 2263 205 2319 que,
223 2244 306 2302 utin
326 2227 455 2300 Niricam
479 2241 549 2300 inde
575 2243 718 2300 traiceret.
766 2243 825 2316 Qui
848 2261 916 2299 cum
940 2242 1029 2300 vellet
1054 2260 1092 2298 ex

139 2350 301 2408 fortissimis
324 2349 472 2423 peditibus
496 2349 638 2406 Romanis
662 2353 861 2407 trecentorum
884 2348 1017 2422 equitum
1036 2366 1090 2405 nu-

87 2480 117 2511 20
139 2475 251 2513 merum
271 2455 430 2529 complare‚
445 2471 501 2510 nec
514 2528 516 2532 Ι
523 2463 624 2529 posset
646 2454 710 2512 illos
730 2454 827 2512 subito
848 2460 935 2511 armis
956 2463 986 2511 et
1007 2460 1091 2527 equis

137 2568 288 2632 instruere,
316 2560 348 2618 id
378 2559 516 2634 pradenti
546 2560 669 2617 consilia
699 2560 834 2635 perfecit.
886 2561 1024 2634 Namque
1054 2578 1092 2618 ex

138 2673 220 2725 omni
237 2666 334 2724 Sicilia
350 2670 497 2723 trecentas
515 2666 634 2723 iuvenes
651 2667 848 2725 nobilissimos
870 2675 900 2724 et
921 2665 1090 2738 ditissimas

138 2779 188 2846 qui
203 2778 284 2847 equis
298 2772 455 2829 militarent
473 2782 502 2828 et
520 2776 621 2829 sacum
639 2772 670 2828 in
689 2758 817 2829 diricam
839 2772 1004 2844 traicerent,
1020 2771 1091 2846 legit

138 2877 277 2951 diemque
299 2883 340 2934 eis
365 2878 464 2948 edixit,
487 2883 545 2951 qua
570 2884 652 2951 equis
675 2884 820 2951 armisque
844 2881 977 2935 instructi
1000 2887 1090 2950 atque
1138 2880 1141 2887 '

89 3006 115 3053 25
139 2988 232 3040 amati
253 2981 399 3040 adessent.
442 2983 546 3041 Gravis
571 3000 606 3039 ea
631 2984 741 3054 militia,
763 2983 865 3058 procul
890 2983 991 3054 doma,
1014 2989 1092 3041 terra

139 3094 268 3161 marique
292 3088 398 3145 multos
417 3088 541 3158 labaris,
557 3093 662 3162 magna
683 3089 813 3163 pericula
827 3088 957 3145 adlatara
970 3086 1090 3145 vidaba-

138 3204 203 3265 tur;
224 3211 322 3267 neque
337 3193 415 3269 ipsas
430 3192 532 3264 modo,
548 3192 600 3249 sed
615 3199 753 3267 parent'e's
771 3199 971 3268 cognatisque
986 3198 1091 3252 earum

138 3316 174 3356 ea
198 3304 268 3356 cara
292 3300 428 3373 angebat.
479 3297 541 3356 Ubi
566 3297 638 3369 dies
662 3316 737 3372 quae
761 3298 842 3357 dicta
864 3309 935 3371 erat,
959 3298 1090 3372 advanit,

138 3424 220 3462 arma
237 3410 389 3479 equosque
408 3403 612 3474 ostendarunt,
628 3405 680 3461 sed
700 3410 802 3462 omnes
821 3405 881 3463 sera
897 3405 1092 3480 longinquum
