2370 3788
329 228 473 305 Quintus
495 229 616 291 Fabius
638 228 812 291 Maximus
997 240 1038 307 27

88 440 226 527 ligneam,
254 450 384 525 undique
413 451 499 508 clivis
533 454 696 524 praeacutis
724 448 893 507 horrentem
922 457 952 507 et
979 457 1040 506 tarn

88 566 251 632 angustam,
273 566 305 614 ut
327 560 441 614 erectus
462 561 607 631 perpetuo
629 559 748 613 manere
770 559 933 630 cogeretur,
948 553 1038 612 incli-

88 667 197 721 serunt.
240 664 287 720 Ita
305 662 376 721 dum
395 662 504 720 fessum
524 679 640 736 corpus,
662 666 850 736 quocumque
872 659 1039 732 inclinibat,

88 769 213 826 stimulis
240 769 339 827 ferreis
367 767 544 838 confoditur,
573 768 675 842 vigiliis
703 778 733 824 et
763 765 865 824 dolore
899 765 1040 824 continuo

88 873 282 949 interemptus
305 884 358 932 est.
401 875 461 931 Hic
482 873 535 931 fuit
556 873 635 930 Atilii
656 872 761 948 Reguli
782 872 885 944 exitus,
901 872 964 947 ipsi
984 877 1042 928 viti
1076 896 1087 944 5

88 980 194 1038 clirior
210 990 239 1038 et
253 979 408 1038 inlustrior.

248 1234 327 1290 XV.
360 1234 511 1300 Quintus
528 1233 662 1287 Fabius
682 1232 876 1287 Maximus.

476 1373 590 1428 218-203
608 1380 656 1417 ne.

132 1503 290 1575 Hannibal,
320 1504 497 1561 Hamilcaris
526 1503 613 1575 lilius,
642 1520 750 1561 novem
782 1507 875 1560 annos
902 1507 996 1569 nitus,
1024 1507 1043 1560 ir
1085 1534 1087 1538 ν

89 1618 174 1684 patre
195 1615 250 1667 iris
271 1607 417 1681 admotus,
434 1608 535 1667 odium
557 1608 587 1666 in
609 1609 760 1667 Rominos
780 1625 911 1683 perenne
929 1607 1041 1666 iririvit.

90 1716 177 1788 Quae
192 1720 237 1773 res
252 1715 380 1773 maxime
393 1714 509 1773 videtur
527 1714 691 1774 concitisse
712 1713 876 1772 secundum
898 1713 1041 1772 Punicum
1062 1746 1068 1758 ·
1135 1785 1141 1796 ,

90 1821 210 1879 bellurn.
252 1821 332 1878 Nam
347 1825 463 1879 mortuo
479 1819 649 1878 Hamilcare
664 1819 824 1891 Hannibal,
840 1838 959 1877 causam
974 1819 1043 1878 belli
1064 1835 1090 1866 10

90 1931 244 2000 quaerens,
259 1928 429 2002 Saguntum,
443 1927 591 1984 civitatem
607 1925 769 2000 Hispaniae
784 1927 925 1984 Romanis
940 1923 1041 1984 foede-

91 2037 194 2102 ritam,
216 2033 329 2090 Evertit.
372 2032 560 2112 Quapropter
582 2033 681 2089 Romi
702 2035 869 2090 missisunt
890 2031 1040 2105 Carthagi-

89 2156 159 2196 nem
175 2138 270 2213 legati,
285 2143 336 2212 qui
351 2137 560 2209 Hannibalem,
574 2137 644 2194 mali
661 2142 822 2221 auctorem,
838 2147 1041 2211 exposcerent.

88 2244 363 2318 Tergiversantibus
385 2245 491 2302 Poenis
511 2243 638 2319 Quintus
660 2243 777 2315 Fabius,
792 2243 944 2319 legationis
965 2249 1041 2317 prin-

90 2367 172 2424 ceps,
188 2349 252 2406 sinii
273 2367 311 2406 ex
332 2355 402 2424 toga
422 2348 511 2424 facto,
544 2350 663 2419 “Hic,”
679 2348 782 2423 inquit,
799 2349 911 2406 “vobis
932 2348 1042 2408 bellum
1065 2370 1089 2417 ις

90 2466 122 2513 et
149 2461 255 2529 picem
283 2459 433 2528 portimus
443 2475 452 2527 ;
482 2464 580 2513 utrum
608 2454 715 2529 placet,
745 2455 880 2512 sumite.”
936 2456 1042 2513 Poenis

91 2560 176 2618 daret
196 2568 294 2617 utrum
314 2560 403 2617 vellet
424 2559 681 2630 succlimantibuS,
702 2560 809 2617 Fabius
832 2564 954 2617 excussi
974 2565 1043 2634 togii

91 2666 201 2725 bellum
216 2671 248 2723 se
258 2640 333 2723 'dare
347 2665 428 2723 dixit.
471 2667 563 2723 Poeni
577 2666 713 2740 accipere
727 2669 759 2722 se
773 2664 988 2739 responderunt
1003 2675 1041 2735 et,

90 2772 197 2845 quibus
218 2771 388 2846 acciperent
407 2770 520 2843 animis,
540 2770 652 2829 eisdem
674 2775 706 2828 se
726 2775 868 2845 gesturos

133 2877 285 2935 Hannibal
299 2881 440 2950 superatis
456 2879 596 2949 Piremei
610 2886 640 2934 et
654 2876 772 2951 Alpium
794 2876 866 2951 iugis
882 2877 911 2933 in
927 2876 1042 2934 Italiam
1063 2900 1090 2930 20

90 2983 179 3041 venit.
222 2982 356 3041 Publium
371 2978 539 3057 Scipionem
561 2981 640 3055 apud
661 2982 796 3039 Ticinum
818 2999 945 3052 amnem,
960 2982 1040 3039 Sem-

91 3089 228 3163 pronium
251 3086 332 3161 apud
353 3087 501 3158 Trebiam,
524 3087 699 3145 Flaminium
724 3087 804 3162 apud
828 3088 1042 3144 Trasumenum

90 3194 188 3251 lacum
210 3193 381 3268 profligivit.

132 3299 279 3356 Adversus
299 3299 415 3356 hostem
430 3298 539 3356 totiens
554 3300 695 3355 victorem
717 3303 820 3356 missus
843 3298 969 3371 Quintus
987 3297 1041 3353 Fa-

91 3405 156 3464 bius
174 3405 301 3463 dictator
323 3404 499 3462 Hannibalis
521 3404 665 3477 impeturn
687 3409 769 3461 mori
789 3403 873 3477 fregit
884 3424 892 3474 3
914 3419 1042 3475 namque
1063 3418 1089 3466 25

1070 3512 1113 3574 41
