2378 3788
176 186 217 263 36
398 185 495 248 Urbis
516 185 642 247 Romae
667 183 738 247 Viri
759 183 909 246 illustres

175 404 357 462 adulescenti
368 403 546 478 daspansam
556 422 630 476 esse,
640 410 783 461 arcessitis
795 402 963 477 parentibus
976 412 1005 460 et
1016 407 1126 476 spansa

175 529 242 567 eam
256 509 395 568 reddidit.
432 512 569 567 Parentes
584 510 710 584 virginis,
722 516 772 583 qui
786 508 824 565 ad
840 526 906 565 eam
921 507 1126 566 redimendam

175 617 243 673 satis
258 622 397 690 magnum
412 622 472 672 auri
492 615 608 690 pondus
628 615 794 685 attulerant,
811 614 978 687 Scipianem
993 614 1126 686 arabant,

174 732 207 779 ut
228 721 259 778 id
281 728 299 779 a
320 727 351 779 se
373 722 484 779 danum
506 722 663 795 acciperet.
706 721 803 795 Scipia
823 739 925 777 aumm
943 729 1012 778 ante
1033 719 1127 794 pedes

141 856 151 903 5
175 832 246 901 pani
272 827 354 885 iussit
381 832 545 910 vocataque
575 825 613 883 ad
641 831 673 883 sa
701 827 817 900 virginis
844 830 961 900 spansa,
1005 827 1128 901 “Super

175 932 306 1005 datem,‘'
335 933 438 1007 inquit,
465 936 581 1007 “quam
611 937 785 1006 accepturus
813 937 831 988 a
858 937 961 989 soceri>
987 950 1027 1003 eS,
1052 932 1127 989 haec

175 1039 227 1096 tibi
249 1044 267 1095 a
288 1043 335 1095 ma
357 1038 466 1095 datalia
487 1038 566 1095 dana
587 1038 761 1109 accadent,”
784 1055 945 1112 aummque
967 1037 1069 1095 tollere
1091 1056 1127 1094 ac

176 1144 230 1201 sibi
248 1143 356 1201 habe‘re
378 1144 468 1201 iussit.
512 1145 565 1201 Ille
586 1144 708 1201 domum
728 1161 860 1200 reversus
880 1142 918 1201 ad
939 1143 1127 1201 referendam

175 1249 304 1323 Scipiani
317 1250 439 1323 gratiam
455 1249 619 1308 Celtibards
636 1251 776 1307 Ramanis
791 1249 964 1306 conciliavit.

128 1384 154 1414 10
216 1355 334 1412 Deinde
353 1356 450 1429 Scipia
466 1355 684 1412 Hasdrubalem
699 1359 809 1412 victum
824 1373 861 1412 ex
876 1355 1020 1429 Hispania
1035 1373 1125 1429 expu-

175 1460 216 1518 lit.
259 1460 368 1518 Castris
393 1461 521 1518 hostium
547 1467 656 1535 potitus
680 1479 800 1518 omnem
821 1460 964 1534 praedam
986 1460 1126 1519 militibus

175 1567 330 1637 concessit,
346 1572 477 1640 captivas
494 1566 645 1640 Hispanas
661 1567 723 1624 sine
738 1566 833 1640 pretia
852 1565 975 1623 domum
997 1566 1125 1640 dimisit;

174 1656 259 1728 diras
272 1676 342 1728 vara
356 1672 445 1729 vandi
459 1672 550 1729 iussit.
593 1673 664 1729 Erat
681 1673 757 1728 inter
771 1676 822 1728 eas
837 1689 910 1745 puer
924 1671 1040 1729 adultus
1055 1674 1128 1746 tagii

175 1776 299 1852 generis
315 1777 408 1834 farma
428 1783 533 1850 insigni
543 1799 551 1849 ;
574 1795 663 1852 quem
684 1796 752 1833 cum
774 1781 996 1851 percontaratur
1016 1778 1126 1851 Scipia,

129 1906 152 1952 15
176 1882 240 1956 quis
266 1892 295 1939 et
319 1883 398 1939 cuias
420 1893 506 1954 esset,
530 1892 560 1940 et
582 1889 633 1940 car
654 1882 684 1939 id
706 1883 808 1940 aetatis
830 1882 860 1939 in
882 1888 982 1940 castris
1004 1883 1116 1957 suisset,

176 1987 335 2044 “Numida
356 1989 449 2058 sum,’'
469 1988 564 2062 inquit
585 2007 666 2063 puer,
689 1990 876 2045 “Massivam
898 1988 1055 2062 populares
1073 2007 1126 2047 vo·

174 2103 244 2150 cant
255 2113 263 2164 3
299 2094 387 2151 orbus
415 2099 432 2150 a
460 2104 542 2168 patre
570 2094 696 2165 relictus,
726 2093 805 2168 apud
835 2110 921 2150 avum
950 2100 1127 2167 mammam,

176 2198 335 2256 Numidiae
358 2204 468 2273 ragem,
491 2199 630 2256 educatus
654 2219 728 2256 sum.
771 2200 847 2257 Cum
869 2199 1013 2257 avuncula
1035 2200 1127 2257 Masi-

175 2305 261 2375 nissa,
277 2310 327 2378 qui
340 2310 435 2379 nuper
449 2304 579 2362 subsidia
599 2305 889 2379 Carthaginiensibus
902 2305 992 2376 vanit,
1006 2303 1037 2362 in
1055 2305 1127 2363 His-

126 2436 154 2466 20
176 2410 293 2483 paniam
315 2410 432 2482 traiaci5
454 2410 617 2484 prohibitus
641 2420 762 2484 propter
785 2416 911 2467 aetatem
931 2414 949 2467 a
970 2410 1129 2470 Masinissa

175 2533 335 2588 numquam
360 2525 428 2572 ante
453 2515 598 2590 proelium
623 2515 682 2572 inii.
735 2517 780 2572 Ea
805 2514 863 2587 dia,
879 2519 939 2588 qua
963 2520 1128 2591 pagnatum

176 2630 220 2678 est
241 2639 310 2677 cum
331 2621 482 2692 Ramanis,
503 2622 596 2679 inscia
617 2621 760 2679 avunculi>
783 2621 859 2677 clam
881 2627 967 2678 armis
989 2626 1127 2696 equaque

176 2731 293 2800 samptc‘)
311 2727 341 2783 in
362 2727 457 2783 aciem
480 2727 555 2799 exii3
577 2728 618 2784 ibi
639 2727 777 2801 pralapsa
799 2732 876 2800 equa
897 2737 1001 2800 captus
1022 2745 1088 2784 sum
1110 2734 1129 2787 a

176 2833 347 2889 Ramanis.‘’
390 2832 487 2906 Scipia
498 2851 565 2889 eum
576 2833 745 2907 interrogat,
754 2833 882 2889 velletne
897 2831 935 2889 acl
950 2833 1128 2892 avunculum

139 2960 165 3007 ²5
176 2943 289 2995 reverti.
342 2937 419 2995 Cum
434 2938 533 2995 effusis
547 2937 655 3012 gaudia
673 2937 798 2995 lacrimis
820 2937 851 2995 id
871 2942 941 2995 vara
963 2942 995 2995 sa
1016 2956 1127 3013 cupere

176 3061 250 3117 puer
260 3042 380 3114 diceret,
393 3053 455 3100 tum
469 3044 566 3117 Scipia
581 3048 674 3118 puera
689 3043 807 3100 anulum
822 3062 942 3100 aureum
957 3062 1127 3118 equumque

176 3153 311 3206 amatum
333 3147 425 3206 danat
446 3148 590 3222 datisque,
610 3155 661 3222 qui
682 3153 745 3205 tata
766 3149 959 3221 d'e'dacerent,
980 3149 1128 3224 equitibus

176 3252 293 3311 dimisit.

217 3359 293 3418 Cum
316 3360 434 3418 Publius
456 3360 609 3419 Cornalius
631 3360 729 3434 Scipia
752 3365 783 3417 se
806 3366 874 3435 erga
895 3361 1047 3434 Hispanas
1066 3360 1128 3433 cla7
