2378 3788
142 210 183 277 54
356 196 452 259 Urbis
477 197 601 258 Romae
633 196 705 258 Vin·
724 195 875 258 illustres

326 474 405 528 XX.
436 473 568 526 Lanius
588 472 771 526 Cornelius
790 471 902 526 Sulla.

531 611 627 670 138-78
644 619 694 656 ac.

181 738 337 797 Comalius
358 738 436 796 Sulla
457 756 525 794 cum
547 738 682 812 parvulus
704 743 722 794 a
742 742 855 795 natrice
877 737 1011 809 ferratur,
1029 756 1094 795 mu-

140 843 193 902 lier
217 845 312 915 obvia,
335 844 474 913 “Salva”
501 843 604 917 inquit,
630 847 732 918 “puer
756 843 810 902 tihi
835 853 865 901 et
888 849 931 900 rei
955 843 1095 916 pablicae

141 960 208 1007 tuae
230 950 328 1021 lalix,”
351 959 380 1006 et
402 949 500 1006 statim
522 955 663 1023 quaesita,
685 967 762 1023 quae
784 949 858 1007 haec
879 948 1010 1022 dixisset,
1031 953 1095 1007 nan

141 1056 236 1130 potuit
251 1057 381 1112 inveniri.

106 1189 117 1236 5
182 1162 242 1217 Hic
268 1161 344 1218 bello
367 1160 539 1235 Iugurthina
566 1171 704 1235 quaestor
726 1162 813 1218 Marii
835 1161 896 1219 luit.
939 1161 999 1234 Qui
1023 1179 1094 1219 cum

140 1283 232 1340 usque
254 1266 293 1324 ad
314 1271 488 1340 quaestarae
510 1267 632 1324 comitia
652 1273 741 1324 vitam
762 1266 895 1339 libidine,
915 1271 995 1338 vino,
1017 1266 1093 1325 ludi-

140 1390 207 1429 crae
242 1373 310 1429 artis
345 1377 446 1430 amore
479 1373 660 1447 inquinatam
693 1372 887 1447 perdirxisset,
915 1373 950 1431 C.
980 1373 1094 1431 Marius

140 1477 242 1535 consul
270 1478 394 1536 molesta
420 1478 519 1536 tulisse
547 1478 678 1551 traditur,
699 1478 782 1552 quod
806 1479 862 1537 sibi
889 1478 1093 1553 gravissimum

141 1584 249 1641 bellum
273 1591 385 1660 gerenti
408 1594 468 1641 tam
490 1584 632 1642 dalicatus
653 1595 791 1659 quaestor
816 1594 894 1642 sorte
914 1585 1093 1643 obvanisset.

92 1712 118 1741 10
140 1684 283 1748 Eiusdem
305 1701 414 1762 tamen,
437 1702 594 1766 postquam
616 1691 646 1748 in
666 1684 794 1748 iliricam
815 1691 905 1762 vanit,
920 1690 1009 1748 virtas
1031 1692 1093 1748 ani-

141 1797 203 1854 tuit.
246 1798 328 1855 Bella
356 1798 517 1868 Cimbrico,
543 1798 654 1872 lagatus
679 1797 806 1854 consulis
831 1797 940 1855 bonam
969 1814 1093 1870 operam

140 1904 263 1961 navavit.
306 1904 418 1962 Cansul
447 1905 510 1979 ipse
535 1902 644 1962 deinde
670 1903 763 1960 factus
791 1903 874 1978 pulsa
899 1903 929 1959 in
958 1903 1092 1960 exsilium

140 2009 236 2066 Mario
255 2008 395 2067 adversus
417 2010 621 2068 Mithridatem
640 2009 789 2084 proiectus
809 2019 862 2066 est.
904 2008 1094 2067 Mithridates

140 2114 228 2186 enim,
249 2116 388 2173 Ponticus
410 2120 469 2187 rax,
484 2116 528 2172 vir
549 2116 627 2174 hello
649 2115 815 2184 acerrimus,
831 2115 936 2171 virtute
959 2115 1093 2187 eximius,

92 2247 115 2292 ις
140 2220 211 2278 odia
232 2221 263 2278 in
280 2223 432 2280 Ramanas
453 2227 513 2279 non
533 2221 653 2279 inferior
668 2220 848 2292 Hannibale,
863 2225 1009 2294 occupata
1022 2220 1094 2279 Asia

139 2332 307 2401 necatisque
332 2327 364 2384 in
388 2334 423 2385 ea
448 2328 584 2386 omnibus
612 2327 724 2386 civibus
751 2328 902 2396 Romanis,
927 2331 1001 2399 quos
1028 2327 1092 2400 qui-

139 2431 209 2489 dem
234 2431 341 2490 eadem
368 2432 416 2491 die
442 2444 530 2507 atque
556 2434 628 2491 hara
653 2451 706 2508 per
730 2436 834 2490 omnis
858 2431 991 2490 civitatas
1016 2432 1092 2489 inte-

139 2537 205 2594 rimi
219 2538 349 2609 iusserat,
366 2541 504 2613 Europae
524 2557 643 2613 quoque
659 2539 820 2612 Italiaeque
840 2538 994 2594 imminete
1009 2538 1091 2603 vida-

140 2643 232 2701 batur.
274 2646 317 2700 Ac
338 2650 434 2718 primo
455 2645 533 2703 Sulla
551 2645 625 2702 illius
645 2644 811 2719 praefectos
836 2643 951 2700 duabus
973 2644 1092 2718 proeliis

89 2776 117 2807 20
140 2749 170 2804 in
195 2749 320 2808 Graecia
340 2751 503 2825 profligavit
514 2772 522 2822 3
549 2750 619 2808 dein
640 2756 833 2824 transgressus
856 2749 885 2805 in
911 2748 1011 2806 Asiam
1033 2750 1091 2806 Mi-

139 2854 297 2912 thridatem
319 2855 414 2928 ipsum
435 2856 513 2913 ladit
524 2877 532 2927 3
561 2866 591 2914 et
614 2856 816 2930 oppressisset,
837 2854 893 2912 nisi
917 2853 956 2911 ad
981 2854 1091 2913 bellum

139 2961 222 3017 civile
247 2960 385 3018 adversus
407 2962 534 3019 Marium
557 2963 695 3019 festinans
716 2961 963 3036 qualemcumque
984 2966 1091 3034 pacem

138 3071 317 3140 componere
333 3068 490 3125 maluisset.
533 3066 738 3125 Mithridatem
754 3076 853 3124 tamen
873 3066 1003 3143 pecania
1016 3066 1091 3124 mul-

139 3172 210 3228 tavit
221 3193 228 3242 ;
254 3173 323 3228 Asia
347 3173 466 3247 aliisque
489 3173 654 3247 provinciis
676 3179 748 3247 quas
773 3178 979 3246 occupaverat,
1002 3171 1091 3231 dace-

89 3300 115 3347 ²5
140 3276 210 3334 dere
232 3284 419 3351 paternisque
442 3279 552 3337 linibus
575 3289 746 3336 contentum
769 3297 832 3335 esse
855 3279 962 3352 coagit.

182 3383 258 3440 Sulla
286 3396 407 3459 propter
437 3390 532 3441 motas
560 3385 686 3442 urbanos
719 3402 787 3440 cum
815 3385 925 3440 victore
961 3384 1091 3440 exercita
