<?xml version="1.0" encoding="UTF-8"?>
<!DOCTYPE html PUBLIC "-//W3C//DTD XHTML 1.0 Transitional//EN"
    "http://www.w3.org/TR/xhtml1/DTD/xhtml1-transitional.dtd">
<html xmlns="http://www.w3.org/1999/xhtml" xml:lang="en" lang="en">
 <head>
  <title>
</title>
<meta http-equiv="Content-Type" content="text/html;charset=utf-8" />
  <meta name='ocr-system' content='tesseract 3.04.00' />
  <meta name='ocr-capabilities' content='ocr_page ocr_carea ocr_par ocr_line ocrx_word'/>
</head>
<body>
  <div class='ocr_page' id='page_1' title='image "./selectionsfromv01lhogoog_0043.png"; bbox 0 0 2378 3788; ppageno 0'>
   <div class='ocr_carea' id='block_1_1' title="bbox 48 204 871 279">
    <p class='ocr_par' dir='ltr' id='par_1_1' title="bbox 48 204 871 279">
     <span class='ocr_line' id='line_1_1' title="bbox 48 204 871 279; baseline -0.002 -12"><span class='ocrx_word' id='word_1_1' title='bbox 48 267 53 279; x_wconf 74' lang='grc'>,</span> <span class='ocrx_word' id='word_1_2' title='bbox 142 223 179 267; x_wconf 88' lang='grc' dir='ltr'>ιο</span> <span class='ocrx_word' id='word_1_3' title='bbox 359 205 456 266; x_wconf 82' lang='lat' dir='ltr'><em>Urbis</em></span> <span class='ocrx_word' id='word_1_4' title='bbox 479 205 605 266; x_wconf 83' lang='lat' dir='ltr'>Romae</span> <span class='ocrx_word' id='word_1_5' title='bbox 630 205 702 267; x_wconf 79' lang='lat' dir='ltr'>Vt&#39;n&#39;</span> <span class='ocrx_word' id='word_1_6' title='bbox 722 204 871 266; x_wconf 82' lang='lat' dir='ltr'>Illustres</span> 
     </span>
    </p>
   </div>
   <div class='ocr_carea' id='block_1_2' title="bbox 49 425 1091 1871">
    <p class='ocr_par' dir='ltr' id='par_1_2' title="bbox 136 425 1089 713">
     <span class='ocr_line' id='line_1_2' title="bbox 136 425 1087 500; baseline -0.002 -16"><span class='ocrx_word' id='word_1_7' title='bbox 136 427 166 484; x_wconf 91' lang='lat' dir='ltr'>in</span> <span class='ocrx_word' id='word_1_8' title='bbox 181 426 258 485; x_wconf 68' lang='lat' dir='ltr'>fines</span> <span class='ocrx_word' id='word_1_9' title='bbox 272 426 401 485; x_wconf 89' lang='lat' dir='ltr'>hostium</span> <span class='ocrx_word' id='word_1_10' title='bbox 420 426 527 485; x_wconf 69' lang='lat' dir='ltr'>emittit</span> <span class='ocrx_word' id='word_1_11' title='bbox 545 425 714 500; x_wconf 85' lang='lat' dir='ltr'>bellumque</span> <span class='ocrx_word' id='word_1_12' title='bbox 736 427 777 483; x_wconf 93' lang='lat' dir='ltr'>ita</span> <span class='ocrx_word' id='word_1_13' title='bbox 796 425 908 483; x_wconf 82' lang='lat' dir='ltr'>indicit.</span> <span class='ocrx_word' id='word_1_14' title='bbox 952 426 1087 500; x_wconf 71' lang='lat' dir='ltr'>Ligitus,</span> 
     </span>
     <span class='ocr_line' id='line_1_3' title="bbox 137 530 1089 607; baseline 0.001 -19"><span class='ocrx_word' id='word_1_15' title='bbox 137 538 187 607; x_wconf 89' lang='lat' dir='ltr'>qui</span> <span class='ocrx_word' id='word_1_16' title='bbox 201 537 237 589; x_wconf 73' lang='lat' dir='ltr'>ei</span> <span class='ocrx_word' id='word_1_17' title='bbox 250 531 289 590; x_wconf 81' lang='lat' dir='ltr'>de</span> <span class='ocrx_word' id='word_1_18' title='bbox 304 535 335 590; x_wconf 73' lang='lat' dir='ltr'>ri</span> <span class='ocrx_word' id='word_1_19' title='bbox 355 531 486 602; x_wconf 88' lang='lat' dir='ltr'>mittitur,</span> <span class='ocrx_word' id='word_1_20' title='bbox 501 531 611 590; x_wconf 72' lang='lat' dir='ltr'>resistis</span> <span class='ocrx_word' id='word_1_21' title='bbox 632 538 761 606; x_wconf 88' lang='lat' dir='ltr'>ritusque</span> <span class='ocrx_word' id='word_1_22' title='bbox 783 532 852 590; x_wconf 86' lang='lat' dir='ltr'>belli</span> <span class='ocrx_word' id='word_1_23' title='bbox 872 530 1025 590; x_wconf 87' lang='lat' dir='ltr'>indicendi</span> <span class='ocrx_word' id='word_1_24' title='bbox 1045 532 1089 589; x_wconf 78' lang='lat' dir='ltr'>ius</span> 
     </span>
     <span class='ocr_line' id='line_1_4' title="bbox 137 636 425 713; baseline 0.003 -18"><span class='ocrx_word' id='word_1_25' title='bbox 137 636 238 695; x_wconf 70' lang='lat' dir='ltr'>fetiale</span> <span class='ocrx_word' id='word_1_26' title='bbox 254 637 425 713; x_wconf 73' lang='lat' dir='ltr'>appellitur.</span> 
     </span>
    </p>

    <p class='ocr_par' dir='ltr' id='par_1_3' title="bbox 178 743 1089 818">
     <span class='ocr_line' id='line_1_5' title="bbox 178 743 1089 818; baseline -0.001 -18"><span class='ocrx_word' id='word_1_27' title='bbox 178 743 288 817; x_wconf 72' lang='lat' dir='ltr'>Legati)</span> <span class='ocrx_word' id='word_1_28' title='bbox 303 744 440 800; x_wconf 66' lang='lat' dir='ltr'>Rumind</span> <span class='ocrx_word' id='word_1_29' title='bbox 454 748 499 802; x_wconf 79' lang='lat' dir='ltr'>res</span> <span class='ocrx_word' id='word_1_30' title='bbox 513 750 661 818; x_wconf 75' lang='lat' dir='ltr'>repetenti</span> <span class='ocrx_word' id='word_1_31' title='bbox 674 744 800 817; x_wconf 70' lang='lat' dir='ltr'>superbe</span> <span class='ocrx_word' id='word_1_32' title='bbox 815 748 989 818; x_wconf 66' lang='lat' dir='ltr'>respunsum</span> <span class='ocrx_word' id='word_1_33' title='bbox 1008 754 1053 800; x_wconf 92' lang='lat' dir='ltr'>est</span> <span class='ocrx_word' id='word_1_34' title='bbox 1072 750 1089 800; x_wconf 72' lang='lat' dir='ltr'>a</span> 
     </span>
    </p>

    <p class='ocr_par' dir='ltr' id='par_1_4' title="bbox 103 847 1089 921">
     <span class='ocr_line' id='line_1_6' title="bbox 103 847 1089 921; baseline 0 -17"><span class='ocrx_word' id='word_1_35' title='bbox 103 865 114 912; x_wconf 83' lang='lat'>5</span> <span class='ocrx_word' id='word_1_36' title='bbox 137 847 265 919; x_wconf 86' lang='lat' dir='ltr'>Latinis;</span> <span class='ocrx_word' id='word_1_37' title='bbox 281 854 340 921; x_wconf 73' lang='lat' dir='ltr'>qua</span> <span class='ocrx_word' id='word_1_38' title='bbox 354 852 385 905; x_wconf 72' lang='lat' dir='ltr'>re</span> <span class='ocrx_word' id='word_1_39' title='bbox 400 847 509 906; x_wconf 88' lang='lat' dir='ltr'>bellum</span> <span class='ocrx_word' id='word_1_40' title='bbox 524 848 582 906; x_wconf 74' lang='lat' dir='ltr'>hirc</span> <span class='ocrx_word' id='word_1_41' title='bbox 594 847 685 906; x_wconf 71' lang='lat' dir='ltr'>modi)</span> <span class='ocrx_word' id='word_1_42' title='bbox 698 856 739 905; x_wconf 88' lang='lat' dir='ltr'>eis</span> <span class='ocrx_word' id='word_1_43' title='bbox 752 848 896 905; x_wconf 91' lang='lat' dir='ltr'>indictum</span> <span class='ocrx_word' id='word_1_44' title='bbox 908 857 961 905; x_wconf 89' lang='lat' dir='ltr'>est.</span> <span class='ocrx_word' id='word_1_45' title='bbox 990 849 1089 904; x_wconf 88' lang='lat' dir='ltr'>Ancus</span> 
     </span>
    </p>

    <p class='ocr_par' dir='ltr' id='par_1_5' title="bbox 137 950 1087 1028">
     <span class='ocr_line' id='line_1_7' title="bbox 137 950 1087 1028; baseline -0.002 -18"><span class='ocrx_word' id='word_1_46' title='bbox 137 953 266 1011; x_wconf 80' lang='lat' dir='ltr'>exercitu</span> <span class='ocrx_word' id='word_1_47' title='bbox 284 958 452 1027; x_wconf 74' lang='lat' dir='ltr'>cdnscriptt&#39;r</span> <span class='ocrx_word' id='word_1_48' title='bbox 471 953 621 1028; x_wconf 83' lang='lat' dir='ltr'>profectus</span> <span class='ocrx_word' id='word_1_49' title='bbox 644 950 763 1011; x_wconf 76' lang='lat' dir='ltr'>La&#39;tinirs</span> <span class='ocrx_word' id='word_1_50' title='bbox 779 953 858 1011; x_wconf 79' lang='lat' dir='ltr'>fudit</span> <span class='ocrx_word' id='word_1_51' title='bbox 879 963 908 1011; x_wconf 92' lang='lat' dir='ltr'>et</span> <span class='ocrx_word' id='word_1_52' title='bbox 929 951 1087 1027; x_wconf 82' lang='lat' dir='ltr'>compluri-</span> 
     </span>
    </p>

    <p class='ocr_par' dir='ltr' id='par_1_6' title="bbox 49 1048 1088 1185">
     <span class='ocr_line' id='line_1_8' title="bbox 49 1048 1088 1185; baseline -0.002 -69"><span class='ocrx_word' id='word_1_53' title='bbox 49 1066 90 1185; x_wconf 36' lang='grc' dir='ltr'>ἴ</span> <span class='ocrx_word' id='word_1_54' title='bbox 137 1058 191 1116; x_wconf 90' lang='lat' dir='ltr'>bus</span> <span class='ocrx_word' id='word_1_55' title='bbox 206 1057 323 1132; x_wconf 75' lang='lat' dir='ltr'>oppidis</span> <span class='ocrx_word' id='word_1_56' title='bbox 337 1059 442 1116; x_wconf 74' lang='lat' dir='ltr'>deletis</span> <span class='ocrx_word' id='word_1_57' title='bbox 464 1063 543 1118; x_wconf 71' lang='lat' dir='ltr'>cives</span> <span class='ocrx_word' id='word_1_58' title='bbox 563 1061 692 1116; x_wconf 77' lang='lat' dir='ltr'>Rt’rmam</span> <span class='ocrx_word' id='word_1_59' title='bbox 714 1048 970 1121; x_wconf 47' lang='lat' dir='ltr'>triduxitfflCum</span> <span class='ocrx_word' id='word_1_60' title='bbox 989 1069 1088 1115; x_wconf 90' lang='lat' dir='ltr'>autem</span> 
     </span>
    </p>

    <p class='ocr_par' dir='ltr' id='par_1_7' title="bbox 58 1163 1088 1235">
     <span class='ocr_line' id='line_1_9' title="bbox 58 1163 1088 1235; baseline 0.002 -15"><span class='ocrx_word' id='word_1_61' title='bbox 58 1200 65 1235; x_wconf 53' lang='lat' dir='ltr'>q</span> <span class='ocrx_word' id='word_1_62' title='bbox 138 1164 168 1221; x_wconf 92' lang='lat' dir='ltr'>iu</span> <span class='ocrx_word' id='word_1_63' title='bbox 189 1169 271 1221; x_wconf 74' lang='lat' dir='ltr'>tanti</span> <span class='ocrx_word' id='word_1_64' title='bbox 291 1163 444 1221; x_wconf 89' lang='lat' dir='ltr'>hominum</span> <span class='ocrx_word' id='word_1_65' title='bbox 466 1163 653 1222; x_wconf 74' lang='lat' dir='ltr'>multitudine</span> <span class='ocrx_word' id='word_1_66' title='bbox 679 1164 810 1224; x_wconf 80' lang='lat' dir='ltr'>facinora</span> <span class='ocrx_word' id='word_1_67' title='bbox 831 1164 1013 1223; x_wconf 84' lang='lat' dir='ltr'>clandestina</span> <span class='ocrx_word' id='word_1_68' title='bbox 1037 1165 1088 1222; x_wconf 88' lang='lat' dir='ltr'>fie-</span> 
     </span>
    </p>

    <p class='ocr_par' dir='ltr' id='par_1_8' title="bbox 64 1242 1091 1341">
     <span class='ocr_line' id='line_1_10' title="bbox 64 1242 1091 1341; baseline 0.001 -14"><span class='ocrx_word' id='word_1_69' title='bbox 64 1242 69 1275; x_wconf 35' lang='grc' dir='ltr'>ἱ</span> <span class='ocrx_word' id='word_1_70' title='bbox 138 1277 211 1341; x_wconf 91' lang='lat' dir='ltr'>rent,</span> <span class='ocrx_word' id='word_1_71' title='bbox 226 1271 325 1326; x_wconf 89' lang='lat' dir='ltr'>Ancus</span> <span class='ocrx_word' id='word_1_72' title='bbox 339 1287 489 1328; x_wconf 86' lang='lat' dir='ltr'>carcerem</span> <span class='ocrx_word' id='word_1_73' title='bbox 508 1271 538 1327; x_wconf 93' lang='lat' dir='ltr'>in</span> <span class='ocrx_word' id='word_1_74' title='bbox 559 1270 659 1328; x_wconf 73' lang='lat' dir='ltr'>medii</span> <span class='ocrx_word' id='word_1_75' title='bbox 678 1271 750 1328; x_wconf 89' lang='lat' dir='ltr'>urbe</span> <span class='ocrx_word' id='word_1_76' title='bbox 771 1250 821 1327; x_wconf 29' lang='lat' dir='ltr'>ad·</span> <span class='ocrx_word' id='word_1_77' title='bbox 832 1276 973 1329; x_wconf 75' lang='lat' dir='ltr'>tendrem</span> <span class='ocrx_word' id='word_1_78' title='bbox 996 1269 1091 1328; x_wconf 56' lang='lat' dir='ltr'>incre</span> 
     </span>
    </p>

    <p class='ocr_par' dir='ltr' id='par_1_9' title="bbox 91 1362 1089 1493">
     <span class='ocr_line' id='line_1_11' title="bbox 91 1362 1089 1493; baseline 0.002 -61"><span class='ocrx_word' id='word_1_79' title='bbox 91 1394 117 1465; x_wconf 84' lang='lat'>¹.⁰</span> <span class='ocrx_word' id='word_1_80' title='bbox 138 1373 246 1432; x_wconf 87' lang='lat' dir='ltr'>scentis</span> <span class='ocrx_word' id='word_1_81' title='bbox 274 1375 416 1433; x_wconf 70' lang='lat' dir='ltr'>audiciae</span> <span class='ocrx_word' id='word_1_82' title='bbox 444 1375 619 1434; x_wconf 68' lang='lat' dir='ltr'>aedificavit.</span> <span class='ocrx_word' id='word_1_83' title='bbox 672 1362 760 1433; x_wconf 70' lang='lat' dir='ltr'>idern</span> <span class='ocrx_word' id='word_1_84' title='bbox 783 1377 1001 1493; x_wconf 49' lang='lat' dir='ltr'>novspmoenia</span> <span class='ocrx_word' id='word_1_85' title='bbox 1025 1377 1089 1434; x_wconf 88' lang='lat' dir='ltr'>urbi</span> 
     </span>
    </p>

    <p class='ocr_par' dir='ltr' id='par_1_10' title="bbox 138 1479 1090 1556">
     <span class='ocr_line' id='line_1_12' title="bbox 138 1479 1090 1556; baseline 0.002 -20"><span class='ocrx_word' id='word_1_86' title='bbox 138 1479 343 1552; x_wconf 85' lang='lat' dir='ltr'>circumdedit,</span> <span class='ocrx_word' id='word_1_87' title='bbox 360 1481 523 1538; x_wconf 70' lang='lat' dir='ltr'>liniculum</span> <span class='ocrx_word' id='word_1_88' title='bbox 538 1491 672 1539; x_wconf 90' lang='lat' dir='ltr'>montem</span> <span class='ocrx_word' id='word_1_89' title='bbox 686 1491 777 1556; x_wconf 94' lang='lat' dir='ltr'>ponte</span> <span class='ocrx_word' id='word_1_90' title='bbox 793 1482 917 1540; x_wconf 78' lang='lat' dir='ltr'>subhcit’)</span> <span class='ocrx_word' id='word_1_91' title='bbox 939 1481 969 1538; x_wconf 93' lang='lat' dir='ltr'>in</span> <span class='ocrx_word' id='word_1_92' title='bbox 989 1481 1090 1539; x_wconf 85' lang='lat' dir='ltr'>Tiberi</span> 
     </span>
    </p>

    <p class='ocr_par' dir='ltr' id='par_1_11' title="bbox 138 1574 1088 1658">
     <span class='ocr_line' id='line_1_13' title="bbox 138 1574 1088 1658; baseline 0.001 -16"><span class='ocrx_word' id='word_1_93' title='bbox 138 1585 216 1643; x_wconf 71' lang='lat' dir='ltr'>facti)</span> <span class='ocrx_word' id='word_1_94' title='bbox 237 1586 301 1643; x_wconf 90' lang='lat' dir='ltr'>urbi</span> <span class='ocrx_word' id='word_1_95' title='bbox 321 1586 481 1658; x_wconf 79' lang='lat' dir='ltr'>coniunxit,</span> <span class='ocrx_word' id='word_1_96' title='bbox 496 1587 527 1643; x_wconf 92' lang='lat' dir='ltr'>in</span> <span class='ocrx_word' id='word_1_97' title='bbox 548 1591 598 1644; x_wconf 78' lang='grc' dir='ltr'>ὅτε</span> <span class='ocrx_word' id='word_1_98' title='bbox 619 1586 735 1645; x_wconf 89' lang='lat' dir='ltr'>Tiberis</span> <span class='ocrx_word' id='word_1_99' title='bbox 758 1574 871 1647; x_wconf 75' lang='lat' dir='ltr'>Ostiam</span> <span class='ocrx_word' id='word_1_100' title='bbox 892 1587 996 1645; x_wconf 91' lang='lat' dir='ltr'>urbem</span> <span class='ocrx_word' id='word_1_101' title='bbox 1017 1604 1088 1645; x_wconf 91' lang='lat' dir='ltr'>con·</span> 
     </span>
    </p>

    <p class='ocr_par' dir='ltr' id='par_1_12' title="bbox 138 1689 1088 1871">
     <span class='ocr_line' id='line_1_14' title="bbox 138 1689 1088 1767; baseline 0.002 -19"><span class='ocrx_word' id='word_1_102' title='bbox 138 1689 223 1748; x_wconf 91' lang='lat' dir='ltr'>didit.</span> <span class='ocrx_word' id='word_1_103' title='bbox 265 1691 398 1749; x_wconf 80' lang='lat' dir='ltr'>Pluribus</span> <span class='ocrx_word' id='word_1_104' title='bbox 416 1691 478 1748; x_wconf 87' lang='lat' dir='ltr'>aliis</span> <span class='ocrx_word' id='word_1_105' title='bbox 495 1692 582 1749; x_wconf 74' lang='lat' dir='ltr'>rebus</span> <span class='ocrx_word' id='word_1_106' title='bbox 597 1691 672 1749; x_wconf 70' lang='lat' dir='ltr'>intra</span> <span class='ocrx_word' id='word_1_107' title='bbox 690 1697 801 1767; x_wconf 81' lang='lat' dir='ltr'>pauc6s</span> <span class='ocrx_word' id='word_1_108' title='bbox 821 1697 915 1750; x_wconf 67' lang='lat' dir='ltr'>annis</span> <span class='ocrx_word' id='word_1_109' title='bbox 936 1692 1088 1762; x_wconf 68' lang='lat' dir='ltr'>ciniensis,</span> 
     </span>
     <span class='ocr_line' id='line_1_15' title="bbox 138 1795 684 1871; baseline 0.004 -19"><span class='ocrx_word' id='word_1_110' title='bbox 138 1795 292 1855; x_wconf 72' lang='lat' dir='ltr'>immitfiri</span> <span class='ocrx_word' id='word_1_111' title='bbox 307 1806 401 1853; x_wconf 88' lang='lat' dir='ltr'>morte</span> <span class='ocrx_word' id='word_1_112' title='bbox 416 1806 587 1871; x_wconf 89' lang='lat' dir='ltr'>praereptus</span> <span class='ocrx_word' id='word_1_113' title='bbox 601 1797 684 1855; x_wconf 92' lang='lat' dir='ltr'>obiit.</span> 
     </span>
    </p>
   </div>
   <div class='ocr_carea' id='block_1_3' title="bbox 154 2049 1073 2207">
    <p class='ocr_par' dir='ltr' id='par_1_13' title="bbox 154 2049 1073 2207">
     <span class='ocr_line' id='line_1_16' title="bbox 154 2049 1073 2116; baseline 0 -11"><span class='ocrx_word' id='word_1_114' title='bbox 154 2049 217 2105; x_wconf 87' lang='lat' dir='ltr'>VI.</span> <span class='ocrx_word' id='word_1_115' title='bbox 248 2050 382 2102; x_wconf 77' lang='lat' dir='ltr'>Luctus</span> <span class='ocrx_word' id='word_1_116' title='bbox 408 2051 626 2116; x_wconf 73' lang='lat' dir='ltr'>Tarquinius</span> <span class='ocrx_word' id='word_1_117' title='bbox 649 2053 807 2115; x_wconf 75' lang='lat' dir='ltr'>Priscus,</span> <span class='ocrx_word' id='word_1_118' title='bbox 826 2051 1073 2106; x_wconf 64' lang='lat' dir='ltr'>namuurum</span> 
     </span>
     <span class='ocr_line' id='line_1_17' title="bbox 491 2144 732 2207; baseline 0.004 -12"><span class='ocrx_word' id='word_1_119' title='bbox 491 2144 557 2195; x_wconf 73' lang='lat' dir='ltr'>riu</span> <span class='ocrx_word' id='word_1_120' title='bbox 574 2145 732 2207; x_wconf 75' lang='lat' dir='ltr'>quintus.</span> 
     </span>
    </p>
   </div>
   <div class='ocr_carea' id='block_1_4' title="bbox 521 2288 703 2347">
    <p class='ocr_par' dir='ltr' id='par_1_14' title="bbox 521 2288 703 2347">
     <span class='ocr_line' id='line_1_18' title="bbox 521 2288 703 2347; baseline -0.005 -14"><span class='ocrx_word' id='word_1_121' title='bbox 521 2288 636 2347; x_wconf 73' lang='grc' dir='ltr'>διδ-578</span> <span class='ocrx_word' id='word_1_122' title='bbox 653 2297 703 2333; x_wconf 75' lang='lat' dir='ltr'>uc.</span> 
     </span>
    </p>
   </div>
   <div class='ocr_carea' id='block_1_5' title="bbox 89 2426 1093 3452">
    <p class='ocr_par' dir='ltr' id='par_1_15' title="bbox 89 2426 1093 3452">
     <span class='ocr_line' id='line_1_19' title="bbox 91 2426 1089 2502; baseline -0.001 -16"><span class='ocrx_word' id='word_1_123' title='bbox 91 2454 115 2502; x_wconf 74' lang='grc' dir='ltr'>ις</span> <span class='ocrx_word' id='word_1_124' title='bbox 177 2427 262 2482; x_wconf 70' lang='lat' dir='ltr'>Anci)</span> <span class='ocrx_word' id='word_1_125' title='bbox 276 2430 417 2501; x_wconf 76' lang='lat' dir='ltr'>regnante</span> <span class='ocrx_word' id='word_1_126' title='bbox 435 2426 542 2484; x_wconf 76' lang='lat' dir='ltr'>Lucius</span> <span class='ocrx_word' id='word_1_127' title='bbox 560 2427 745 2502; x_wconf 79' lang='lat' dir='ltr'>TarquiniuS,</span> <span class='ocrx_word' id='word_1_128' title='bbox 760 2427 934 2502; x_wconf 85' lang='lat' dir='ltr'>Tarquiniis,</span> <span class='ocrx_word' id='word_1_129' title='bbox 951 2446 987 2484; x_wconf 84' lang='lat' dir='ltr'>ex</span> <span class='ocrx_word' id='word_1_130' title='bbox 1004 2428 1089 2485; x_wconf 80' lang='lat' dir='ltr'>Etn’r·</span> 
     </span>
     <span class='ocr_line' id='line_1_20' title="bbox 138 2529 1091 2608; baseline 0.004 -22"><span class='ocrx_word' id='word_1_131' title='bbox 138 2529 198 2587; x_wconf 90' lang='lat' dir='ltr'>riae</span> <span class='ocrx_word' id='word_1_132' title='bbox 221 2531 304 2602; x_wconf 90' lang='lat' dir='ltr'>urbe,</span> <span class='ocrx_word' id='word_1_133' title='bbox 327 2531 485 2606; x_wconf 88' lang='lat' dir='ltr'>profectus,</span> <span class='ocrx_word' id='word_1_134' title='bbox 508 2550 577 2589; x_wconf 91' lang='lat' dir='ltr'>cum</span> <span class='ocrx_word' id='word_1_135' title='bbox 602 2533 728 2608; x_wconf 87' lang='lat' dir='ltr'>coniuge</span> <span class='ocrx_word' id='word_1_136' title='bbox 753 2542 783 2590; x_wconf 91' lang='lat' dir='ltr'>et</span> <span class='ocrx_word' id='word_1_137' title='bbox 805 2533 929 2590; x_wconf 79' lang='lat' dir='ltr'>fortunis</span> <span class='ocrx_word' id='word_1_138' title='bbox 954 2533 1091 2591; x_wconf 91' lang='lat' dir='ltr'>omnibus</span> 
     </span>
     <span class='ocr_line' id='line_1_21' title="bbox 138 2637 1091 2712; baseline 0.001 -19"><span class='ocrx_word' id='word_1_139' title='bbox 138 2637 267 2694; x_wconf 65' lang='lat' dir='ltr'>Rumam</span> <span class='ocrx_word' id='word_1_140' title='bbox 282 2637 493 2712; x_wconf 73' lang='lat' dir='ltr'>commigrivit.</span> <span class='ocrx_word' id='word_1_141' title='bbox 535 2637 663 2696; x_wconf 88' lang='lat' dir='ltr'>Additur</span> <span class='ocrx_word' id='word_1_142' title='bbox 685 2638 758 2695; x_wconf 90' lang='lat' dir='ltr'>haec</span> <span class='ocrx_word' id='word_1_143' title='bbox 780 2638 899 2696; x_wconf 72' lang='lat' dir='ltr'>sibula:</span> <span class='ocrx_word' id='word_1_144' title='bbox 922 2638 1091 2696; x_wconf 88' lang='lat' dir='ltr'>advenienti</span> 
     </span>
     <span class='ocr_line' id='line_1_22' title="bbox 138 2741 1090 2819; baseline 0.002 -21"><span class='ocrx_word' id='word_1_145' title='bbox 138 2741 236 2815; x_wconf 88' lang='lat' dir='ltr'>aquila</span> <span class='ocrx_word' id='word_1_146' title='bbox 250 2742 369 2816; x_wconf 90' lang='lat' dir='ltr'>pilleum</span> <span class='ocrx_word' id='word_1_147' title='bbox 384 2743 498 2801; x_wconf 90' lang='lat' dir='ltr'>sustulit</span> <span class='ocrx_word' id='word_1_148' title='bbox 512 2753 542 2800; x_wconf 92' lang='lat' dir='ltr'>et</span> <span class='ocrx_word' id='word_1_149' title='bbox 556 2761 644 2818; x_wconf 89' lang='lat' dir='ltr'>super</span> <span class='ocrx_word' id='word_1_150' title='bbox 658 2754 842 2819; x_wconf 86' lang='lat' dir='ltr'>carpentum,</span> <span class='ocrx_word' id='word_1_151' title='bbox 855 2746 902 2801; x_wconf 92' lang='lat' dir='ltr'>cui</span> <span class='ocrx_word' id='word_1_152' title='bbox 914 2744 1090 2818; x_wconf 85' lang='lat' dir='ltr'>Tarquinius</span> 
     </span>
     <span class='ocr_line' id='line_1_23' title="bbox 137 2846 1090 2924; baseline 0.004 -22"><span class='ocrx_word' id='word_1_153' title='bbox 137 2846 293 2919; x_wconf 75' lang='lat' dir='ltr'>insidebat,</span> <span class='ocrx_word' id='word_1_154' title='bbox 309 2865 378 2905; x_wconf 91' lang='lat' dir='ltr'>cum</span> <span class='ocrx_word' id='word_1_155' title='bbox 393 2854 501 2924; x_wconf 68' lang='lat' dir='ltr'>magni)</span> <span class='ocrx_word' id='word_1_156' title='bbox 516 2849 653 2924; x_wconf 75' lang='lat' dir='ltr'>clangirre</span> <span class='ocrx_word' id='word_1_157' title='bbox 668 2850 792 2907; x_wconf 75' lang='lat' dir='ltr'>volitims</span> <span class='ocrx_word' id='word_1_158' title='bbox 808 2856 903 2907; x_wconf 78' lang='lat' dir='ltr'>rursus</span> <span class='ocrx_word' id='word_1_159' title='bbox 918 2849 1008 2924; x_wconf 83' lang='lat' dir='ltr'>capiti</span> <span class='ocrx_word' id='word_1_160' title='bbox 1021 2853 1090 2922; x_wconf 72' lang='lat' dir='ltr'>apte</span> 
     </span>
     <span class='ocr_line' id='line_1_24' title="bbox 89 2952 1089 3030; baseline 0.003 -22"><span class='ocrx_word' id='word_1_161' title='bbox 89 2985 118 3016; x_wconf 78' lang='lat'>20</span> <span class='ocrx_word' id='word_1_162' title='bbox 138 2953 271 3026; x_wconf 90' lang='lat' dir='ltr'>reposuit</span> <span class='ocrx_word' id='word_1_163' title='bbox 282 2973 290 3025; x_wconf 82' lang='lat'>3</span> <span class='ocrx_word' id='word_1_164' title='bbox 312 2952 381 3010; x_wconf 90' lang='lat' dir='ltr'>inde</span> <span class='ocrx_word' id='word_1_165' title='bbox 403 2954 535 3013; x_wconf 88' lang='lat' dir='ltr'>sublimis</span> <span class='ocrx_word' id='word_1_166' title='bbox 557 2955 637 3013; x_wconf 90' lang='lat' dir='ltr'>abiit.</span> <span class='ocrx_word' id='word_1_167' title='bbox 679 2955 824 3030; x_wconf 86' lang='lat' dir='ltr'>Tanaquil</span> <span class='ocrx_word' id='word_1_168' title='bbox 845 2955 961 3026; x_wconf 90' lang='lat' dir='ltr'>coniux,</span> <span class='ocrx_word' id='word_1_169' title='bbox 981 2954 1089 3011; x_wconf 87' lang='lat' dir='ltr'>caeles-</span> 
     </span>
     <span class='ocr_line' id='line_1_25' title="bbox 139 3057 1090 3136; baseline 0.002 -22"><span class='ocrx_word' id='word_1_170' title='bbox 139 3057 211 3114; x_wconf 91' lang='lat' dir='ltr'>tium</span> <span class='ocrx_word' id='word_1_171' title='bbox 233 3059 433 3133; x_wconf 73' lang='lat' dir='ltr'>prddigidrum</span> <span class='ocrx_word' id='word_1_172' title='bbox 455 3067 558 3134; x_wconf 88' lang='lat' dir='ltr'>perita,</span> <span class='ocrx_word' id='word_1_173' title='bbox 576 3065 699 3135; x_wconf 70' lang='lat' dir='ltr'>regnum</span> <span class='ocrx_word' id='word_1_174' title='bbox 721 3067 749 3118; x_wconf 90' lang='lat' dir='ltr'>ei</span> <span class='ocrx_word' id='word_1_175' title='bbox 770 3061 908 3136; x_wconf 86' lang='lat' dir='ltr'>portendi</span> <span class='ocrx_word' id='word_1_176' title='bbox 928 3060 1071 3118; x_wconf 64' lang='lat' dir='ltr'>intellixit</span> <span class='ocrx_word' id='word_1_177' title='bbox 1081 3080 1090 3131; x_wconf 87' lang='lat'>;</span> 
     </span>
     <span class='ocr_line' id='line_1_26' title="bbox 138 3163 1090 3240; baseline 0.004 -22"><span class='ocrx_word' id='word_1_178' title='bbox 138 3163 246 3237; x_wconf 90' lang='lat' dir='ltr'>itaque,</span> <span class='ocrx_word' id='word_1_179' title='bbox 256 3163 349 3220; x_wconf 90' lang='lat' dir='ltr'>virum</span> <span class='ocrx_word' id='word_1_180' title='bbox 360 3166 525 3240; x_wconf 84' lang='lat' dir='ltr'>complexa,</span> <span class='ocrx_word' id='word_1_181' title='bbox 538 3166 654 3224; x_wconf 87' lang='lat' dir='ltr'>excelsa</span> <span class='ocrx_word' id='word_1_182' title='bbox 668 3175 698 3223; x_wconf 89' lang='lat' dir='ltr'>et</span> <span class='ocrx_word' id='word_1_183' title='bbox 712 3166 771 3223; x_wconf 88' lang='lat' dir='ltr'>alta</span> <span class='ocrx_word' id='word_1_184' title='bbox 785 3170 901 3240; x_wconf 72' lang='lat' dir='ltr'>sperire</span> <span class='ocrx_word' id='word_1_185' title='bbox 917 3184 984 3223; x_wconf 90' lang='lat' dir='ltr'>eum</span> <span class='ocrx_word' id='word_1_186' title='bbox 1000 3165 1090 3223; x_wconf 88' lang='lat' dir='ltr'>iussit.</span> 
     </span>
     <span class='ocr_line' id='line_1_27' title="bbox 139 3269 1093 3347; baseline 0.002 -21"><span class='ocrx_word' id='word_1_187' title='bbox 139 3269 203 3326; x_wconf 76' lang='lat' dir='ltr'>His</span> <span class='ocrx_word' id='word_1_188' title='bbox 217 3273 284 3344; x_wconf 70' lang='lat' dir='ltr'>spis</span> <span class='ocrx_word' id='word_1_189' title='bbox 299 3270 551 3345; x_wconf 72' lang='lat' dir='ltr'>edgitatidnesque</span> <span class='ocrx_word' id='word_1_190' title='bbox 568 3276 669 3329; x_wconf 74' lang='lat' dir='ltr'>secum</span> <span class='ocrx_word' id='word_1_191' title='bbox 684 3276 835 3347; x_wconf 73' lang='lat' dir='ltr'>portantes</span> <span class='ocrx_word' id='word_1_192' title='bbox 853 3273 957 3330; x_wconf 88' lang='lat' dir='ltr'>urbem</span> <span class='ocrx_word' id='word_1_193' title='bbox 971 3271 1093 3345; x_wconf 88' lang='lat' dir='ltr'>ingressi</span> 
     </span>
     <span class='ocr_line' id='line_1_28' title="bbox 138 3374 1091 3452; baseline 0.001 -20"><span class='ocrx_word' id='word_1_194' title='bbox 138 3384 214 3445; x_wconf 87' lang='lat' dir='ltr'>sunt,</span> <span class='ocrx_word' id='word_1_195' title='bbox 228 3374 440 3449; x_wconf 72' lang='lat' dir='ltr'>domiciliirque</span> <span class='ocrx_word' id='word_1_196' title='bbox 462 3376 504 3434; x_wconf 91' lang='lat' dir='ltr'>ibi</span> <span class='ocrx_word' id='word_1_197' title='bbox 525 3382 697 3451; x_wconf 76' lang='lat' dir='ltr'>comparitd</span> <span class='ocrx_word' id='word_1_198' title='bbox 718 3376 893 3452; x_wconf 84' lang='lat' dir='ltr'>Tarquinius</span> <span class='ocrx_word' id='word_1_199' title='bbox 914 3376 1041 3446; x_wconf 67' lang='lat' dir='ltr'>pecunia</span> <span class='ocrx_word' id='word_1_200' title='bbox 1061 3385 1091 3433; x_wconf 90' lang='lat' dir='ltr'>et</span> 
     </span>
    </p>
   </div>
   <div class='ocr_carea' id='block_1_6' title="bbox 0 0 1196 3788">
    <p class='ocr_par' dir='ltr' id='par_1_16' title="bbox 0 0 1196 3788">
     <span class='ocr_line' id='line_1_29' title="bbox 0 0 1196 3788; baseline 0 0"><span class='ocrx_word' id='word_1_201' title='bbox 0 0 1196 3788; x_wconf 95' lang='lat' dir='ltr'> </span> 
     </span>
    </p>
   </div>
  </div>
 </body>
</html>
