2378 3788
150 202 192 278 84
364 153 463 262 Urbis
484 200 611 264 Romae
643 201 716 264 Viri
738 202 888 265 Illustres

149 420 261 477 entium
286 425 457 495 praecepta,
473 426 523 494 qui
544 421 656 480 docent
678 426 739 480 nan
764 424 860 482 salum
885 443 923 483 ex
947 427 1032 485 malis
1053 427 1099 486 ali·

148 544 216 601 gere
235 526 357 583 minima
370 531 518 601 oportare,
534 526 588 585 sed
609 527 699 586 etiam
721 546 882 604 excerpere
901 548 940 588 ex
959 531 1006 591 his
1023 533 1099 608 ipsis,

148 631 264 706 siquid
285 632 353 690 insit
375 632 453 690 boni.

188 739 283 796 Multa
311 747 426 796 exstant
450 737 546 796 facete
571 740 609 797 ab
633 744 670 797 ea
695 739 786 799 dicta.
828 741 906 802 Cum
932 743 1100 818 Lentulum,

112 866 122 912 5
146 862 288 920 generum
327 861 420 913 suum,
456 844 579 919 exiguae
621 851 747 904 staturae
784 845 946 921 hominem,
980 849 1101 910 vidisset

146 951 235 1025 longa
270 949 369 1025 gladia
405 950 582 1022 accinctum,
625 951 758 1024 “Quis’'
791 953 897 1028 inquit,
926 956 1099 1030 “generum

146 1075 245 1113 meum
273 1055 312 1113 ad
340 1054 470 1131 gladium
498 1056 682 1131 adligavit?'’

186 1164 323 1220 Matrana
348 1162 505 1236 quaedam,
528 1162 672 1220 ianiarem
696 1167 729 1222 se
752 1182 842 1239 quam
865 1175 928 1225 erat
948 1165 1099 1242 simulans,

145 1268 300 1326 dictitabat
321 1273 353 1326 sa
375 1269 492 1342 triginta
513 1277 627 1326 tantum
646 1275 739 1328 annas
761 1270 869 1330 habeare
880 1291 889 1344 3
911 1275 959 1331 cui
980 1273 1099 1346 Cicera,
1128 1291 1131 1300 ·

97 1402 123 1433 ιο
146 1376 283 1431 “Verum
305 1377 379 1447 est,''
395 1375 498 1449 inquit,
515 1378 612 1432 “uam
634 1375 692 1432 hac
712 1376 815 1451 viginti
835 1382 929 1436 annas
950 1379 1071 1439 audi6.'’

185 1481 304 1553 Caesar,
320 1482 412 1540 altera
434 1481 555 1540 causule
578 1487 695 1540 mortua
716 1483 765 1541 dia
787 1483 964 1543 Decembris
984 1486 1098 1559 ultima,

144 1587 301 1646 Caninium
321 1588 473 1646 causalem
495 1588 568 1646 hara
588 1588 715 1663 septima
734 1588 765 1646 in
785 1589 929 1664 reliquam
951 1590 1012 1650 diu
1033 1610 1097 1668 par-

143 1703 205 1752 tem
227 1695 443 1752 renuntiaverat
455 1715 462 1766 ;
485 1711 574 1768 quem
598 1713 666 1752 curn
690 1695 821 1769 plarique
842 1701 918 1754 irent
940 1697 1098 1757 salatatum

143 1798 182 1858 da
217 1805 309 1872 mare,
345 1801 589 1871 “Festinamus''
618 1800 712 1874 inquit
747 1801 864 1873 Cicera,
893 1797 1096 1878 “priusquam

96 1929 120 1976 15
143 1906 229 1963 abeat
249 1907 447 1981 magistrata.‘’
490 1908 538 1964 Da
559 1904 667 1964 eadem
689 1907 814 1965 Caninia
836 1908 952 1982 scripsit
967 1909 1095 1968 Cicera:

143 2012 239 2068 “Fuit
261 2011 384 2068 mirifica
407 2011 556 2086 vigilantia
579 2011 728 2084 Caninius,
750 2018 801 2086 qui
824 2017 888 2070 tata
911 2018 964 2071 sud
989 2019 1095 2074 causu-

143 2116 201 2175 latir
222 2135 358 2175 somnum
380 2121 441 2174 nan
461 2116 596 2175 viderit.’'

251 2378 363 2434 XXV.
397 2378 531 2432 caesar
551 2379 764 2432 Octavianus
783 2379 977 2446 Aupustus.

479 2529 510 2587 63
529 2538 577 2576 rac,
596 2533 622 2575 to
642 2541 672 2589 14
689 2538 745 2575 nn.

179 2672 367 2744 Octavianus,
389 2673 489 2743 Ialiae,
509 2674 565 2731 Ga
586 2673 721 2731 Caesaris
743 2673 858 2744 sortiris,
879 2679 984 2748 nepas,
1007 2683 1090 2750 quar-

139 2790 200 2837 tum
226 2797 335 2835 annum
361 2783 451 2853 agens
475 2789 590 2853 patrem
616 2779 720 2836 amisit.
761 2780 809 2838 Ab
830 2780 976 2838 avunculi>
998 2782 1089 2856 adop·

89 2909 116 2940 20
138 2890 214 2942 tatus
248 2883 415 2958 profectum
451 2902 519 2941 eum
554 2884 583 2940 in
619 2884 779 2959 Hispanias
816 2885 957 2943 adversus
995 2888 1091 2946 Gnaei

138 2992 261 3064 Pompei
289 2990 394 3047 liberas
428 2995 544 3046 secutus
580 2999 633 3047 est.
690 2988 809 3047 Deinde
837 2990 874 3048 ab
903 2996 940 3048 ea
968 2994 1088 3068 Apolla-

136 3096 216 3152 niam
244 3097 348 3152 missus
376 3093 478 3152 studiis
506 3094 629 3152 vacavit.
671 3095 773 3168 thue
802 3101 929 3170 primum
957 3105 1088 3156 occisum

136 3342 156 3373 2.
173 3340 306 3384 excerpere,
318 3331 340 3370 to
346 3326 402 3383 pick
413 3331 457 3379 out,
468 3330 567 3370 extract.
640 3327 673 3370 16.
689 3325 796 3381 mirifica,
809 3327 947 3384 wonderfirl.

135 3418 155 3460 4.
172 3403 252 3456 facete,
264 3403 353 3458 wittily.
