2378 3788
382 205 488 268 Gaius
509 205 619 268 Iulius
644 205 768 270 Caesar
1004 211 1047 289 67

91 433 184 485 causa
210 427 312 485 vetuit.
354 427 452 501 Quem
480 436 512 485 ut
538 426 611 485 vrdit
642 437 672 486 et
699 427 842 502 salatavit,
864 430 987 488 molesta
1016 436 1047 490 sa

91 533 169 591 dixit
190 533 274 605 ferre,
289 531 371 607 quod
394 550 461 590 eum
482 537 543 591 nan
561 542 663 608 posset
680 533 790 593 audire.
832 538 871 593 At
885 536 942 609 ille,
974 539 1048 596 “Ta

91 639 195 710 vara,’'
216 639 320 713 inquit,
343 643 360 668 “
369 649 466 713 potes,
488 657 545 696 nec
566 640 761 712 committam,
783 651 815 699 ut
836 640 921 700 dolor
942 661 1046 718 corpo-

48 772 51 777 ·
91 745 132 803 ris
157 743 274 816 efficiat,
297 753 330 802 ut
352 744 456 802 frastra
480 755 577 803 tantus
604 746 646 803 vir
667 747 706 804 ad
731 751 779 805 ma
803 748 946 806 vanarit.’'
989 751 1047 807 Ita-

91 869 153 926 que
170 851 281 909 cubans
302 851 427 926 graviter
447 859 477 908 et
498 851 619 926 capiasa
639 851 678 910 da
700 853 758 910 hac
781 853 846 928 ipsa
869 853 1027 928 disputavit
1039 875 1047 926 3
1061 880 1095 926 *5

91 958 166 1016 nihil
191 975 256 1015 esse
281 957 392 1016 bonum
416 957 472 1015 nisi
498 956 579 1032 quod
605 959 761 1016 honestum
786 969 871 1030 esset,
893 960 965 1017 nihil
987 979 1047 1017 ma-

92 1065 154 1121 lum
190 1063 250 1121 dici
282 1064 379 1138 posse,
408 1063 490 1138 quod
525 1074 609 1138 turpe
645 1069 706 1122 nan
740 1074 826 1122 esset.
869 1065 945 1123 Cum
977 1071 1048 1124 varo

92 1170 213 1228 doloras
241 1169 348 1227 acriter
376 1188 444 1227 eurn
471 1178 646 1244 pungerent,
674 1188 773 1245 saepe,
819 1171 929 1228 “Nihil
956 1172 1046 1245 agis,”

91 1275 198 1349 inquit,
219 1279 236 1306 “
247 1274 352 1333 dolor!
374 1282 506 1350 quamvis
526 1281 563 1333 sis
585 1275 735 1349 molestus,
750 1294 911 1351 numquam
932 1281 962 1335 te
983 1294 1047 1336 esse

92 1381 205 1439 malum
227 1381 420 1439 confitebor.”
739 1425 740 1428 η
1070 1410 1097 1441 ιο

276 1643 416 1698 XXIII.
448 1643 559 1697 Galus
578 1643 699 1697 Italicas
720 1643 865 1698 Caesar.

492 1805 588 1853 roo-44
606 1803 654 1840 ne.

133 1938 170 1997 C.
193 1937 283 1996 Ialius
305 1938 423 2011 Caesar,
438 1938 619 1997 nabilissima
641 1938 779 1996 Ialiarum
798 1937 913 2013 genitus
931 1937 1048 2010 familia,

91 2063 204 2101 annum
223 2047 312 2119 agans
333 2053 448 2102 sextum
470 2054 500 2102 et
520 2044 670 2102 decimum
692 2054 805 2119 patrem
828 2044 932 2101 amisit.
975 2045 1048 2102 Cor·

92 2151 214 2221 naham,
228 2149 342 2207 Cinnae
365 2149 468 2221 filiam,
488 2149 571 2207 duxit
595 2155 716 2207 uxorem
728 2171 736 2222 ;
765 2149 847 2208 caius
872 2160 955 2223 pater
980 2168 1047 2206 cum

93 2265 173 2314 esset
201 2255 295 2313 Sullae
323 2255 548 2327 inimicissimuS,
570 2256 594 2313 is
620 2256 777 2314 Caesarem
801 2254 892 2312 voluit
917 2255 1047 2328 compel-

47 2381 49 2384 ⁴
92 2364 164 2432 lere,
192 2371 225 2418 ut
260 2379 326 2419 eam
360 2360 549 2436 repudiaret;
589 2379 686 2436 neque
721 2360 751 2418 id
790 2361 886 2435 potuit
908 2361 1047 2417 efficere.
1072 2354 1095 2434 {5

93 2469 162 2543 Qua
189 2472 221 2524 ra
249 2467 359 2526 Caesar
385 2468 470 2525 bonis
499 2467 638 2541 spoliatus
668 2486 735 2523 eum
765 2467 853 2524 etiam
879 2465 917 2522 ad
941 2484 1047 2523 necem

92 2578 293 2649 quaereretur,
322 2578 433 2632 matata
459 2583 541 2630 veste
568 2582 657 2629 nocte
685 2573 756 2630 urbe
789 2572 904 2646 {lapsus
940 2582 983 2629 est
1018 2583 1048 2629 et
1139 2548 1142 2561 Ἴ

92 2698 273 2755 quamquam
296 2689 366 2736 tunc
388 2685 546 2754 quartanae
569 2680 673 2736 morba
697 2677 857 2747 labarabat,
878 2695 971 2752 prope
995 2695 1048 2752 per

92 2785 221 2860 singulas
242 2789 346 2843 noctas
366 2784 491 2843 latebras
513 2789 694 2843 commatare
716 2783 877 2857 cogabatur
887 2803 895 2854 ;
918 2793 947 2840 et
965 2801 1046 2839 eom-

92 2891 256 2966 prehansus
279 2897 297 2948 a
318 2891 412 2949 Sullae
435 2891 549 2962 liberta,
571 2894 609 2946 ne
632 2888 671 2946 ad
694 2889 802 2947 Sullam
826 2887 1046 2962 perduceretur,
1069 2920 1095 2948 20

92 3126 113 3168 4
129 3110 222 3163 frastra,
233 3112 258 3154 in
269 3112 333 3156 vain.
597 3123 631 3167 13.
647 3110 738 3154 duxit:
749 3108 961 3154 inmatrimanium
973 3108 1046 3153 daxit.

93 3199 113 3243 5.
129 3186 229 3239 cubans,
240 3186 306 3242 lying
314 3186 387 3230 down.
598 3198 630 3240 17.
646 3184 741 3240 elapsus
752 3191 793 3238 est,
804 3185 905 3242 escaped.

93 3275 113 3317 7.
128 3268 205 3318 turpe,
216 3261 274 3314 base,
285 3274 373 3317 wrong.
599 3261 631 3303 18.
647 3253 779 3315 quartanae
815 3259 907 3311 morba,
945 3263 1046 3316 quartan

93 3338 113 3380 8.
128 3341 270 3392 pungerent,
284 3335 388 3391 pricked,
405 3339 481 3391 stung,
500 3338 546 3377 tor·
678 3345 754 3388 agam
770 3346 853 3392 prope,
864 3333 952 3377 almost.

176 3409 272 3454 mented.
598 3401 632 3452 20'.
648 3407 738 3461 uberto
744 3408 877 3465 frecdman.
