2378 3788
181 185 223 230 20
399 170 496 233 Urbis
519 171 644 232 Romae
670 171 744 233 Viri
764 169 914 232 Illustres

180 389 217 445 ad
241 396 344 463 picem
367 400 396 447 et
417 389 522 448 foedus
544 391 711 448 laciendum
734 390 871 447 inclinare
893 389 1051 461 videretur,
1067 399 1126 446 tum

180 496 292 569 Appius
310 495 450 553 Claudius
472 497 512 554 ob
533 502 716 554 senectutem
738 506 768 552 et
789 496 964 552 caecitatem
984 496 1125 553 abstinere

180 602 259 658 curia
273 602 343 657 olim
359 602 459 658 solitus
474 602 629 658 confestim
645 603 674 658 in
694 608 828 659 senatum
848 602 953 659 lectici
973 600 1079 658 doserri
1100 604 1127 657 se

181 708 262 763 iussit
282 707 379 780 ibique
401 708 570 780 gravissimu
591 708 723 764 oratione
745 713 851 781 pacem
871 697 1016 779 dissuasit,
1034 707 1129 780 itaque
1179 736 1181 747 ·

148 830 158 876 5
182 818 353 886 responsum
370 813 479 886 Pyrrho
494 820 511 869 2¹1
526 818 628 870 senatu
644 826 697 883 est,
713 832 790 884 eum,
807 812 904 871 donec
927 812 1012 870 Italia
1033 831 1130 870 exces-

182 918 274 988 sisset,
287 925 391 993 picem
406 939 474 976 cum
491 922 631 978 Rominis
646 920 755 978 habete
770 925 831 977 non
846 937 942 994 posse.
979 921 1133 977 Praeterea

184 1025 309 1081 Romani
334 1031 463 1099 captivos
492 1031 603 1097 omnes
630 1032 703 1100 quos
733 1026 858 1100 Pyrrhus
886 1024 1066 1097 reddiderat,
1091 1032 1133 1083 in-

183 1130 278 1187 sames
306 1130 404 1188 habeti
433 1133 585 1202 iusserunt,
614 1131 695 1206 quod
730 1137 834 1188 armati
866 1137 931 1206 capi
960 1132 1133 1205 potuissent,

183 1253 279 1309 neque
294 1247 360 1293 ante
376 1242 426 1294 eos
443 1238 480 1295 ad
496 1245 626 1295 veterem
648 1247 755 1295 statum
771 1243 876 1294 reverti
890 1255 980 1310 quam
994 1242 1019 1293 si
1033 1237 1135 1294 binum

137 1364 162 1395 ιο
183 1342 310 1398 hostium
336 1348 499 1400 occisorum
525 1343 618 1417 spolia
643 1342 830 1400 rettulissent.
883 1344 929 1400 Ita
956 1342 1069 1417 legatus
1096 1340 1135 1398 ad

184 1451 282 1521 regem
306 1449 441 1519 revertit,
471 1454 487 1504 a
512 1453 661 1521 quocum
687 1448 812 1521 Pyrrhus
834 1456 997 1522 quaereret,
1017 1447 1136 1521 qualem

186 1554 312 1610 Romam
333 1560 533 1627 comperisset,
550 1554 656 1610 Cineas
678 1553 839 1627 respondit,
857 1553 961 1610 urbem
982 1551 1038 1610 sibi
1059 1561 1137 1610 tern-

184 1658 274 1731 plum,
290 1664 423 1715 senatum
439 1664 507 1715 vero
522 1663 692 1716 consessum
708 1663 809 1733 regum
825 1675 889 1715 esse
904 1663 1006 1715 visum.

432 1988 517 2042 XII.
550 1987 661 2041 Gaius
682 1987 880 2042 Fabricius.

602 2144 649 2201 278
668 2151 715 2188 uc.

226 2291 271 2349 Ex
298 2291 407 2364 legitis,
430 2296 480 2364 qui
504 2290 543 2347 ad
570 2289 711 2364 Pyrrhum
739 2289 779 2347 de
807 2295 928 2363 captivis
955 2288 1139 2349 redimendis

138 2430 162 2477 15
185 2401 333 2466 venerant,
362 2396 415 2452 fuit
444 2397 476 2454 C.
509 2396 667 2453 Fabricius.
721 2396 811 2454 Cuius
840 2406 996 2470 postquam
1025 2395 1138 2453 audivit

187 2502 310 2576 Pyrrhus
335 2507 474 2575 magnum
502 2519 566 2558 esse
595 2501 675 2575 apud
705 2503 856 2558 Romanos
881 2506 1000 2570 nomen,
1022 2509 1056 2557 ut
1084 2500 1139 2559 viri

184 2608 253 2665 boni
271 2617 300 2663 et
317 2607 394 2664 bello
417 2605 533 2681 egregii,
550 2607 603 2664 sed
625 2606 788 2664 admodum
811 2606 958 2680 pauperis,
974 2623 1043 2662 eum
1063 2622 1138 2679 prae

185 2718 288 2770 ceteris
300 2711 464 2793 honorifice
484 2730 518 2768 ac
540 2712 697 2769 liberaliter
718 2711 821 2770 hahuit
842 2717 927 2785 eique
949 2715 1072 2768 munera
1093 2723 1137 2769 at·

185 2836 242 2893 que
270 2836 371 2874 aurum
400 2817 524 2888 obtulit,
553 2836 628 2891 quae
657 2818 758 2875 omnia
786 2817 950 2893 repudiavit
975 2816 1137 2876 Fabricius.
1178 2886 1181 2891 Ι

136 2957 164 2988 20
186 2926 306 2981 Postero
322 2923 370 2980 die
385 2941 451 2980 cum
468 2923 548 2980 illum
564 2924 688 2996 Pyrrhus
703 2924 791 2981 vellet
812 2928 957 2981 exterrere
973 2927 1138 2998 conspecti}

185 3030 280 3088 subito
296 3028 452 3102 elephanti,
468 3030 622 3103 imperavit
639 3036 696 3087 suis
715 3040 747 3086 ut
768 3029 902 3088 Fabricio
918 3033 1019 3086 secum
1034 3029 1136 3087 conlo-

185 3145 293 3210 quente
322 3134 409 3192 belua
437 3145 504 3207 post
532 3135 667 3192 aulaeum
695 3134 910 3192 admovetetur.
967 3133 1057 3208 Quod
1084 3134 1139 3194 ubi

186 3232 295 3297 fac'tum
317 3250 371 3310 est,
389 3244 471 3313 signo
492 3239 562 3297 dato
584 3245 757 3314 remotoque
780 3240 883 3298 aulaeo
905 3250 1027 3314 repente
1050 3239 1139 3299 belua

186 3345 339 3405 stridorem
355 3344 536 3402 horrendum
552 3345 648 3402 emisit
663 3354 692 3402 et
706 3344 918 3421 proboscidem
933 3358 1021 3420 siper
1036 3345 1060 3402 F
1061 3344 1137 3404 abri-
