2378 3788
379 204 484 265 Gaius
507 203 615 266 Iulias
641 204 762 267 Caesar
1002 219 1039 285 71

90 431 247 483 manamm
277 425 401 483 militum
435 426 557 500 insignia
585 430 745 496 narrantur,
772 436 834 483 tum
861 426 933 485 illud
961 431 1042 503 agre·

90 532 173 607 gium
193 531 283 605 ipsius
308 530 450 601 Caesaris,
476 531 558 605 quod
578 536 700 589 natante
723 532 753 588 in
777 532 875 607 fugam
903 535 1043 603 exercita,

90 642 179 712 rapta
197 635 333 712 fugientis
355 640 371 694 a
393 641 482 694 manu
503 641 596 707 scrita,
612 637 642 693 in
658 642 783 711 primam
804 638 928 697 volitans
949 639 1044 696 aciem

91 743 239 817 proelium
265 742 399 800 restituit.
449 728 539 800 idem
564 743 622 801 alia
650 743 763 817 proelia
791 744 914 818 legianis
942 745 1042 819 aquili·

91 849 188 905 serum
216 848 362 906 ineundae
390 848 475 922 fugae
504 854 592 906 causa
619 848 677 905 iam
709 867 883 924 conversum
913 850 1044 908 saucibus
1080 877 1090 923 5

91 954 341 1028 comprehansum
363 953 394 1011 in
415 953 592 1011 contrariam
615 964 728 1028 partem
750 953 876 1013 datraxit
897 954 1043 1013 dextram-

91 1076 151 1134 que
172 1058 210 1117 ad
232 1059 349 1117 hostem
370 1057 505 1131 tendans,
538 1059 713 1133 “Quarsum
735 1062 795 1130 tir,''
815 1060 918 1134 inquit,
933 1065 951 1091 “
961 1061 1045 1119 abis?

92 1166 158 1222 Illic
182 1175 258 1237 sunt,
279 1183 348 1222 curn
370 1164 476 1239 quibus
504 1165 706 1223 dimicamus”
749 1165 816 1239 Qua
840 1164 1044 1224 adhortatiane

91 1271 226 1329 omnium
254 1271 402 1345 legianum
428 1270 656 1345 trepidatianem
681 1271 808 1329 corraxit
833 1271 967 1346 vincique
993 1290 1043 1347 pa-

92 1382 170 1434 ratas
191 1376 308 1434 vincere
330 1375 440 1433 docuit.
1067 1412 1094 1444 ω

134 1481 297 1540 Interfecta
321 1481 433 1539 interea
460 1481 540 1557 apud
569 1483 691 1540 Parthas
714 1483 820 1540 Crassa
845 1493 874 1541 et
899 1482 1046 1541 defuncta

93 1589 177 1658 Iulia,
193 1586 327 1645 Caesaris
347 1587 418 1659 iilia,
440 1605 526 1661 quae,
550 1593 642 1663 napta
666 1589 818 1662 Pompeia,
839 1595 939 1662 generi
961 1607 1044 1647 soce·

91 1699 175 1767 rique
189 1691 383 1750 concordiam
398 1692 528 1764 tenabat,
544 1694 641 1751 statim
659 1694 817 1751 aemulatia
832 1695 936 1768 arripit.
980 1696 1044 1751 Iam

92 1797 210 1873 pridem
239 1798 383 1873 Pompaia
411 1809 565 1873 suspectae
595 1799 727 1857 Caesaris
756 1804 828 1874 opas
862 1811 892 1857 et
927 1800 1046 1858 Caesari

92 1903 275 1977 Pompaiana
299 1903 424 1978 dignitas
448 1904 551 1978 gravis,
568 1922 624 1962 nee
649 1905 695 1962 hic
721 1906 833 1964 ferabat
858 1923 969 1980 parem,
989 1924 1045 1962 nec
1067 1925 1092 1974 ις

92 2009 140 2067 ille
167 2008 359 2083 superiarem.
401 2011 506 2083 Itaque
532 2029 598 2066 cum
623 2011 733 2069 Caesar
757 2012 786 2068 in
812 2013 907 2070 Gallia
931 2011 1043 2070 datine-

92 2119 182 2185 retur,
213 2125 250 2186 et,
278 2119 316 2173 na
344 2114 520 2189 imperfecta
548 2116 626 2173 bella
654 2115 831 2188 discaderet,
861 2118 1045 2192 postulasset,

92 2230 125 2277 ut
160 2219 216 2278 sibi
250 2220 361 2293 licaret,
392 2227 524 2295 quamvis
552 2221 674 2294 absenti,
704 2223 827 2280 alterum
863 2224 1045 2308 causulatum

92 2335 205 2400 petere,
234 2331 252 2382 a
278 2330 380 2384 senata
409 2327 599 2385 suadentibus
626 2329 769 2402 Pompeia
798 2330 918 2403 Eiusque
946 2333 1046 2385 amieis

91 2427 239 2506 negatum
258 2438 285 2489 ei
307 2442 360 2490 est:
404 2433 494 2489 Hanc
516 2433 650 2490 iniariam
672 2444 825 2509 acceptam
847 2434 1046 2492 vindicatams
1067 2457 1096 2488 20

92 2537 135 2594 in.
146 2537 262 2594 Italiam
283 2536 371 2595 rediit
392 2547 422 2594 et
443 2537 612 2596 bellandum
634 2549 712 2596 ratus
726 2557 794 2595 cum
810 2540 939 2597 exercita
954 2539 1045 2597 Rubi·

93 2647 204 2701 canem
232 2641 351 2713 flamen,
378 2649 427 2717 qui
452 2644 619 2718 pravinciae
645 2644 707 2701 aius
734 2644 802 2701 linis
831 2655 902 2716 erat,
925 2645 1046 2702 transiit.

95 2749 165 2806 Hac
192 2746 231 2804 ad
257 2747 366 2805 flamen
392 2748 511 2821 paulum
536 2748 701 2806 caustitisse
725 2748 815 2805 fertur
840 2768 875 2806 ac
900 2754 1046 2824 reputans,

93 2862 237 2927 quantum
266 2853 424 2923 maliratun
448 2872 606 2911 conversus
641 2852 680 2911 ad
715 2855 874 2928 proximas,
920 2855 1047 2912 “Etiam

93 2957 204 3028 nunc‚’'
225 2956 329 3030 inquit,
351 2957 496 3032 “regredi
516 2976 691 3032 possumus,
717 2958 798 3033 quod
820 2965 844 3017 si
865 2960 1048 3035 ponticulum
1069 2975 1095 3022 25

94 3061 303 3132 transierimus,
333 3062 433 3119 omnia
467 3069 553 3120 armis
584 3062 700 3138 agenda
728 3065 842 3122 erunt.''
895 3066 1048 3122 Postrama

94 3264 114 3294 z
129 3250 238 3302 natante,
245 3249 335 3307 giving
343 3263 400 3306 way.
600 3263 634 3295 12.
649 3252 730 3307 napta¹
741 3252 852 3298 married.

94 3335 114 3380 5.
128 3322 323 3379 faucibusjaws,
333 3325 419 3369 tarnat.
599 3337 634 3380 24·
651 3325 778 3379 malitatur,
789 3339 839 3370 was
848 3324 992 3384 attempting.

94 3398 115 3443 6.
130 3398 247 3448 dextram,
258 3396 325 3453 right
332 3396 404 3442 hand.
