2378 3788
139 208 183 284 64
356 204 453 268 Urbis
473 205 599 266 Romae
623 205 697 268 Viri
718 206 869 269 illustres

139 427 309 484 testimonio
337 428 429 483 victus
458 425 580 482 Catulus
608 429 625 482 e
653 426 792 483 contione
817 425 963 485 discessit.
1006 431 1091 488 Pom-

139 533 232 607 peius,
248 531 397 606 dispositis
412 548 465 604 per
479 535 583 588 omnes
605 531 693 588 maris
714 536 846 589 recessirs
866 533 999 606 nivibus,
1015 534 1093 593 brevi

140 643 281 696 terrerum
307 636 411 694 orbem
436 637 484 693 illa
510 647 594 711 peste
623 637 773 709 liberavit3
801 637 969 711 praedenes
997 641 1093 698 multis

140 746 211 802 locis
235 747 329 801 victos
357 742 455 814 fedit3
488 743 610 800 eesdem
635 744 666 799 in
690 741 875 801 deditienem
898 751 1042 819 acceptes
1065 746 1093 803 in

107 871 117 917 5
140 851 260 908 urbibus
289 859 318 906 et
345 854 420 923 agris
445 848 548 921 procul
573 854 591 905 e
615 854 688 905 mari
712 849 887 906 conlocevit.
930 851 1015 908 Nihil
1039 851 1093 908 hic

140 955 262 1013 victorie
282 954 404 1011 celerius
415 974 424 1025 3
446 971 515 1010 nam
536 953 613 1011 intre
633 953 890 1028 quadragesimum
915 953 996 1012 diem
1020 962 1093 1031 pire-

141 1067 184 1119 tas
205 1065 269 1117 tete
291 1066 363 1117 mari
384 1059 505 1133 expulit.
1034 1122 1040 1132 ,

181 1166 328 1225 Confecto
363 1165 442 1223 bello
479 1165 601 1239 piritico
636 1166 756 1224 Gnaeus
795 1165 954 1240 Pompeius
991 1173 1096 1225 contri

142 1271 346 1330 Mithriditem
372 1271 521 1345 profectus
546 1271 576 1327 in
598 1271 699 1328 Asiam
724 1277 830 1346 migne
851 1270 1001 1329 celeritite
1028 1291 1096 1331 con-

95 1398 121 1429 ιο
142 1377 246 1435 tendit.
289 1378 436 1435 Proelium
460 1395 528 1434 cum
555 1381 624 1450 rege
647 1382 803 1434 censerere
826 1377 975 1451 cupiebat,
996 1396 1095 1453 neque

142 1488 309 1558 opportuna
336 1481 460 1541 dabitur
487 1481 639 1557 pugnandi
663 1481 792 1553 sacultes,
815 1482 885 1556 quia
907 1482 1097 1542 Mithridetes

141 1589 268 1648 interdiu
293 1595 394 1647 castris
418 1593 450 1646 se
475 1588 654 1659 continebat,
676 1593 767 1646 noctu
793 1593 863 1646 vere
890 1588 971 1646 haud
999 1594 1095 1648 tutum

143 1707 205 1754 erat
219 1695 362 1771 congredi
379 1714 447 1752 cum
467 1695 552 1753 hoste
573 1695 603 1752 in
624 1694 696 1752 locis
717 1697 831 1769 ignotis
874 1695 973 1753 Nocte
994 1704 1096 1753 tamen

142 1801 301 1876 aliquando
326 1820 395 1858 cum
421 1801 579 1875 Pompeius
604 1799 808 1857 Mithridr‘atem
832 1818 986 1875 aggressus
1008 1811 1096 1873 esset,

85 1932 120 1980 '¹5
142 1908 211 1966 lima
232 1913 339 1983 migne
361 1907 414 1965 suit
436 1909 577 1965 Reminis
599 1906 781 1963 adiumento.
823 1906 922 1979 Quam
943 1924 1013 1963 cum
1035 1909 1095 1965 Re-

144 2020 222 2071 mini
246 2020 264 2072 e
284 2019 370 2089 *tergo
394 2013 545 2083 haberent,
560 2012 682 2070 umbrae
707 2029 863 2085 corporum
889 2012 1004 2086 longius
1029 2018 1096 2087 pre·

143 2121 237 2177 iectae
266 2119 304 2176 ad
333 2124 443 2194 primos
471 2136 564 2192 usque
589 2118 718 2176 hostium
744 2116 862 2175 ordines
887 2117 1077 2191 pertinebant
1087 2139 1096 2191 3

143 2224 222 2283 unde
247 2224 367 2300 decepti
391 2224 463 2299 regii
488 2223 592 2282 milites
612 2224 642 2280 in
661 2224 788 2293 umbris,
804 2233 955 2297 tamquam
976 2224 1008 2281 in
1029 2243 1096 2299 pro

143 2335 285 2407 pinquum
320 2332 445 2402 hostem,
475 2331 533 2389 tela
567 2329 731 2388 mittebant.
772 2330 874 2386 Victus
909 2329 1098 2388 Mithridetes

94 2456 122 2486 20
143 2439 172 2495 in
196 2441 322 2495 Pontum
344 2437 484 2512 profugit.
528 2437 693 2493 Pharnaces
708 2435 786 2492 filius
808 2434 917 2493 bellum
939 2441 966 2491 ei
990 2436 1097 2507 intulit,

143 2550 201 2618 qui,
228 2550 330 2601 occisis
358 2549 376 2600 ῖι
402 2554 486 2617 patre
516 2543 661 2611 fretribus,
683 2547 759 2597 vitae
783 2558 852 2597 suae
874 2541 938 2614 ipse
962 2540 1096 2599 timebat.

144 2650 331 2707 Mithridites
359 2655 376 2706 ai
403 2649 467 2706 tilio
495 2648 631 2706 obsessus
658 2651 804 2704 venenum
836 2647 959 2720 sumpsit
969 2667 978 2718 ;
1014 2646 1097 2720 quod

143 2774 211 2813 cum
233 2755 343 2813 tardius
365 2756 483 2826 subiret,
504 2755 573 2828 quia
594 2753 733 2811 adversus
754 2756 867 2809 venena
890 2752 987 2809 multis
1009 2757 1098 2810 antee
1132 2751 1133 2754 ’

144 2861 368 2919 medicementis
389 2879 495 2936 corpus
516 2861 694 2929 firmiaverat,
717 2864 734 2915 ai
756 2858 847 2915 milite
871 2857 967 2928 Galle,
987 2862 1005 2915 e
1026 2863 1097 2932 que,

94 2981 121 3028 25
143 2977 176 3024 ut
197 2966 347 3025 adiuveret
368 2973 409 3038 se,
425 2967 559 3042 petierat,
575 2965 746 3023 interfectus
768 2972 820 3021 est.
916 3001 920 3010 -

183 3074 302 3149 Tigrim
323 3072 443 3143 deinde,
459 3072 615 3130 Armeniae
637 3075 706 3145 regi,
727 3076 777 3143 qui
798 3067 977 3126 Mithridetis
999 3074 1096 3143 partes

158 3266 179 3307 4.
196 3252 351 3307 deditionem,
363 3253 496 3296 surrender.
648 3262 680 3305 15.
697 3249 844 3302 adiumente,
856 3248 903 3301 aid,
914 3248 1047 3293 assistance.

147 3341 179 3371 11.
195 3327 300 3379 lacustres,
312 3328 462 3383 opportunity.
648 3326 680 3367 16.
697 3324 802 3375 umbrae,
814 3323 926 3367 siadows.

147 3415 180 3446 12.
196 3401 305 3453 interdiu,
317 3401 341 3443 in
353 3402 390 3443 tlte
401 3401 507 3456 daytime.
648 3411 680 3453 17.
696 3397 852 3453 pertinebant,
861 3396 981 3442 extended.
