2378 3788
424 190 588 254 Horatius
614 189 719 255 Cocles
1010 205 1044 270 15

95 414 192 472 letiam
214 412 303 471 rediit
324 422 354 471 et
375 411 529 470 Lucretiae
550 412 609 469 vim
631 411 734 472 attulit
779 411 834 471 Illa
855 417 974 488 posteri>
997 411 1047 470 die

92 520 245 603 advocetis
270 518 352 593 patre
377 527 408 577 et
430 517 556 593 coniuge
582 535 645 575 rem
670 517 805 593 exposuit
830 527 860 576 et
884 522 915 576 se
943 517 1046 588 cultri),

92 642 183 701 quem
203 623 259 683 sub
278 633 360 682 veste
381 623 515 682 abditum
537 623 675 694 habebat,
689 623 809 682 occidit.
851 622 1048 682 Conclemant

92 731 136 789 vir
149 740 294 806 paterque
313 740 344 787 et
363 729 394 786 in
415 729 536 787 exitium
558 733 660 804 regum
681 729 843 787 coniiirant.
885 728 1047 803 Tarquinie

93 837 223 894 Remum
246 833 382 893 redeunti
400 834 517 893 clausae
538 846 606 893 sunt
626 834 706 893 urbis
730 845 833 909 portae
859 844 888 892 et
913 833 1046 892 exsilium
1082 858 1092 904 ς

91 941 249 1000 indictum.
291 941 427 1015 Expulsis
455 939 572 1015 regibus
600 940 661 998 duo
690 940 825 998 censules
852 945 943 998 creiti
970 949 1046 1010 sunt,

92 1047 196 1106 Iirnius
210 1047 316 1104 Brutus
331 1055 361 1104 et
375 1046 549 1120 Tarquinius
564 1045 728 1104 Collatinus
746 1045 900 1104 Lucretiae
917 1051 1045 1104 maritus.

364 1284 428 1339 ΙΧ.
453 1283 628 1337 Horatius
648 1281 775 1338 Coeles.

136 1439 274 1508 Porsena,
295 1440 347 1494 rex
371 1437 571 1506 Etruscerum,
592 1435 632 1493 ad
655 1434 851 1495 restituendes
872 1436 903 1494 in
923 1441 1045 1512 regnum

90 1541 268 1616 Tarquinies
281 1541 388 1600 infesti>
402 1541 533 1599 exercitii
547 1542 676 1599 Romam
690 1541 779 1599 venit.
823 1543 919 1600 Primi>
933 1542 1046 1617 impete

93 1648 258 1705 leniculum
279 1647 369 1721 cepit.
411 1647 482 1704 Nen
502 1664 643 1721 umquam
658 1646 727 1704 alies
744 1655 813 1704 ante
835 1657 932 1705 tantus
953 1657 1047 1705 terror
1069 1675 1095 1706 10

94 1755 248 1811 Remenes
268 1751 392 1824 invisit5
413 1751 491 1810 adeo
505 1752 602 1810 valida
616 1757 662 1811 res
677 1762 740 1810 tum
754 1751 874 1811 Clrisina
888 1762 950 1810 erat
965 1749 1043 1828 mig*-

91 1875 224 1933 numque
236 1859 381 1917 Porsenae
393 1862 513 1915 nemen.
550 1858 595 1915 Ex
608 1863 683 1933 agris
698 1857 728 1915 in
743 1858 846 1916 urbem
861 1856 1045 1934 demigrant;

92 1963 197 2022 urbem
212 1962 306 2037 ipsam
321 1963 456 2037 saepiunt
470 1961 631 2038 praesidiis.
673 1962 738 2020 Alia
759 1963 838 2022 urbis
859 1981 926 2038 pars
949 1968 1045 2034 miris,

92 2068 150 2126 alia
170 2068 271 2127 Tiberi
291 2068 410 2127 obiecti)
431 2072 494 2126 trita
513 2068 676 2127 videbitur.
729 2069 807 2126 Pens
828 2067 966 2127 sublicius
990 2069 1047 2127 iter

92 2191 190 2249 paene
208 2172 340 2232 hostibus
358 2173 450 2245 dedit,
465 2173 520 2232 nisi
542 2179 616 2232 unus
637 2174 681 2231 vir
700 2174 801 2233 fuisset
823 2175 965 2232 Horaitius
986 2174 1044 2234 Co·
1068 2198 1092 2246 ις

93 2280 165 2350 cles,
193 2278 243 2337 illo
270 2278 448 2354 cognomine
476 2280 648 2354 appelletus,
677 2279 757 2354 quod
790 2280 820 2337 in
848 2279 905 2337 alie
933 2279 1046 2355 proelio

93 2385 214 2443 oculum
242 2390 386 2443 amiserat.
410 2440 413 2448 ,
443 2384 473 2443 Is
501 2389 632 2443 extreme
659 2386 758 2460 pontis
785 2395 869 2461 parte
901 2389 1047 2461 occupet}

92 2491 189 2549 aciem
204 2490 332 2549 hostiurn
350 2490 429 2548 selus
448 2490 592 2562 sustinuit,
608 2490 706 2549 denec
727 2496 803 2566 pens
820 2496 838 2548 ri
854 2495 937 2566 terge
958 2490 1044 2548 inter·

93 2600 288 2674 rumperetur.
330 2596 400 2671 Ipsa
427 2595 552 2654 audacia
579 2596 779 2671 obstupefecit
807 2595 906 2654 hostes
917 2617 926 2668 ;
954 2605 1046 2671 ponte

93 2701 218 2760 rescisse
233 2707 360 2762 armitus
377 2701 408 2759 in
425 2701 557 2760 Tiberim
578 2700 695 2760 desiluit
717 2713 747 2760 et
768 2701 865 2759 multis
887 2701 1045 2776 superinci-
1067 2727 1094 2758 ιο

92 2806 232 2866 dentibus
259 2806 323 2864 telis
354 2807 509 2864 incolumis
530 2807 570 2865 ad
591 2812 659 2865 sues
680 2806 813 2864 trenivit.
864 2807 956 2865 Grata
978 2812 1047 2881 erge

92 2921 207 2970 tantam
222 2911 361 2969 virtutem
378 2912 477 2970 civitis
495 2911 550 2968 fuit
560 2933 568 2983 ;
591 2918 619 2969 ei
639 2921 752 2968 tantum
773 2917 834 2986 agri
855 2912 972 2986 pfibiice
994 2910 1044 2968 da·

93 3030 157 3074 tum
174 3025 229 3088 est,
244 3027 386 3091 quantum
406 3021 466 3074 uine
488 3014 538 3075 die
559 3015 771 3073 circumarevit.
813 3004 919 3076 statua
927 3033 1045 3091 quoque

93 3127 120 3180 ei
131 3123 162 3183 in
172 3121 302 3182 Comitis>
317 3121 421 3196 posita
