2378 3788
145 192 187 252 80
356 191 454 254 Urbis
476 190 602 252 Romae
635 190 711 253 Viri
731 190 882 252 Illustrat

143 411 301 485 proeliatus
322 411 502 469 Cremdnam
527 409 682 468 obsididne
707 409 824 481 exemit,
847 409 1034 469 Placentiam
1057 416 1098 470 tri-

144 523 220 575 titus
241 527 295 588 est,
311 514 451 573 duodena
468 526 564 573 castra
581 516 708 575 hostiurn
723 517 753 573 in
768 516 863 574 Gallia
877 517 969 592 cepit.
1013 522 1032 548 “
1042 518 1099 576 Cin

144 628 199 680 teri
221 622 385 697 profect6,’'
411 621 519 678 Plinius
542 622 635 694 addit,
651 624 803 681 “victdres
828 622 984 680 hominum
1007 623 1099 696 fuere,

143 728 258 802 Sergius
278 728 349 785 vicit
370 727 459 784 etiarn
481 729 662 786 fortinam.'’

109 851 120 920 ξ
183 833 364 907 Singula'uem
399 833 484 890 huius
518 833 572 890 viri
607 833 731 908 gliriam
765 833 855 892 foedi
889 833 1099 893 dihonestiivit

143 940 315 1014 pronepdtis
336 939 440 996 scelus.
485 940 544 996 Hic
567 940 646 996 enim
670 945 712 996 rei
735 939 892 1011 familiaris,
913 956 1005 1013 quarn
1029 959 1096 1016 pru

143 1045 271 1116 suderat,
300 1045 401 1119 inopii
433 1045 650 1119 multirumque
681 1045 826 1102 scelerum
854 1045 1042 1104 cdnscientii
1068 1047 1098 1104 in

143 1152 270 1209 furdrem
291 1156 373 1208 ictus
395 1160 424 1208 et
445 1150 620 1209 dominandi
646 1149 808 1225 cupiditite
835 1151 974 1209 incensus
1001 1151 1096 1228 indig-

143 1262 294 1330 nitusque,
312 1255 394 1330 quod
416 1257 445 1313 in
467 1257 610 1331 petitidne
632 1257 800 1314 cdnsulitus
822 1257 971 1331 repulsam
991 1274 1096 1331 passus

95 1388 122 1418 ιο
143 1372 229 1432 esset,
258 1363 459 1419 coniura'ttidne
488 1363 565 1420 facta
595 1367 729 1419 senitum
760 1361 929 1433 cdniodere,
959 1363 1097 1421 cdnsulis

142 1466 297 1539 trucidire,
325 1468 429 1525 urbem
459 1467 628 1539 incendere,
658 1467 784 1542 diripere
813 1468 957 1525 aeririum
985 1469 1095 1526 cdnsti·

142 1583 246 1631 tuerat.
288 1566 395 1630 lictum
425 1550 488 1630 emt
516 1572 554 1630 de
582 1573 783 1648 pulcherrimi)
808 1573 943 1648 imperiti,
964 1573 1021 1631 nisi
1047 1574 1096 1631 illa

142 1679 305 1736 coniuritid
327 1679 359 1735 in
380 1678 557 1736 Cicerdnem
580 1689 610 1736 et
630 1679 793 1736 Antdnium
813 1679 949 1737 cdnsulis
973 1678 1094 1738 incidis-

142 1795 194 1855 set,
216 1789 342 1859 qudrurn
367 1784 440 1842 alter
468 1783 609 1842 industrii
636 1802 699 1842 rem
728 1784 880 1860 patefecit,
903 1784 977 1858 alter
1004 1790 1095 1843 manti

95 1908 119 1956 15
141 1889 297 1965 oppressit.
340 1889 416 1948 Cum
445 1890 552 1948 Cicert‘)
584 1890 685 1948 habiti>
715 1895 817 1948 seniti
846 1890 877 1947 in
904 1900 1094 1965 praesentem

141 2015 223 2054 reum
258 2000 431 2070 perdrisset,
461 1995 596 2068 Catilina,
625 1997 796 2055 incendium
824 2015 909 2054 suurn
943 2002 1028 2054 ruini
1062 2001 1094 2056 se

140 2102 346 2160 restincturum
369 2118 432 2158 esse
458 2101 602 2173 minitans,
623 2104 720 2160 Ruina
741 2102 869 2179 proffigit
894 2112 924 2161 et
947 2102 986 2161 ad
1010 2121 1094 2162 exer-

141 2209 240 2279 citum,
256 2224 345 2281 quern
361 2212 521 2281 paraiverat,
537 2208 739 2281 proficiscitur,
755 2215 836 2283 signa
857 2209 996 2268 inlatrirus
1018 2212 1093 2271 urbi.

140 2313 198 2372 Sed
227 2313 300 2371 socii
326 2313 397 2382 eius,
420 2318 470 2387 qui
497 2313 527 2370 in
552 2313 624 2371 urbe
653 2320 862 2387 remanserant,
884 2317 1095 2392 comprehinsi

91 2445 119 2476 ιο
139 2421 170 2476 in
195 2436 313 2476 carcere
337 2424 433 2475 neciti
458 2428 532 2476 sunt.
575 2420 608 2475 Α.
633 2419 759 2491 Fulvius,
784 2421 827 2478 vir
852 2422 990 2479 senitdrii
1014 2424 1093 2482 drdi-

139 2526 183 2583 nis
206 2525 310 2596 lilium,
333 2525 468 2581 iuvenem
492 2533 521 2582 et
544 2524 662 2600 ingenii>
686 2536 715 2583 et
738 2526 834 2584 firma
857 2527 934 2584 inter
955 2530 1094 2602 aequales

139 2632 292 2701 nitentem,
321 2635 412 2705 privs)
440 2630 564 2688 cdnsilid
594 2632 736 2690 Catilinae
767 2631 927 2688 amicitiam
956 2639 1093 2693 secutum

139 2738 227 2811 inque
251 2746 345 2793 castra
368 2737 429 2794 eius
454 2746 599 2808 ruentem,
622 2755 659 2794 ex
681 2737 782 2795 medii>
804 2737 908 2795 itinere
931 2745 1093 2799 retractum

139 2842 284 2916 supplicii)
312 2842 414 2900 mortis
445 2842 568 2912 adfecit,
598 2842 757 2917 praefatus
785 2848 846 2900 ndn
880 2848 913 2902 se
947 2845 1093 2905 Catilinae

90 2956 116 3003 25
139 2948 218 3004 illum
244 2945 382 3004 adversus
405 2948 539 3022 patriam,
562 2947 615 3005 sed
638 2949 750 3022 patriae
773 2947 911 3006 adversus
933 2950 1092 3009 Catilinam

138 3071 283 3129 genuisse.

150 3309 171 3353 6.
186 3307 332 3364 pronepdtis,
339 3308 545 3365 great-grandson.
640 3321 675 3363 24.
690 3306 821 3363 praefatus,
833 3309 924 3366 having
930 3310 989 3366 first
996 3313 1058 3357 said.

138 3396 173 3427 22.
188 3383 308 3436 nitentem,
319 3383 473 3438 conspicuous.
