2378 3788
326 241 469 304 Publius
494 238 663 304 Cornelius
687 237 796 321 Scipio
1004 255 1042 316 41

92 462 177 518 ritite
190 462 445 520 confirmirentur.
483 463 530 520 Ita
541 467 614 537 pace
627 466 704 518 terra
715 467 845 535 marique
857 466 940 535 parta
950 459 1047 534 Scipio

92 567 226 624 exercitii
248 568 277 623 in
298 572 386 625 nives
407 567 547 643 imposito
569 569 698 624 Romam
720 567 847 624 revertit.
889 565 936 623 Ad
957 583 1046 640 quem

92 672 303 730 advenientem
328 691 486 731 concursus
508 673 611 748 ingens
632 673 726 730 factus
746 681 791 729 est
801 693 809 744 ;
832 671 922 729 eflusa
936 676 996 728 non
1011 689 1047 728 ex

92 778 214 837 urbibus
236 777 337 850 modu,
353 778 406 836 sed
425 779 514 836 etiam
537 797 574 835 ex
596 785 671 852 agris
693 777 850 834 multitudo
871 777 948 834 viam
970 776 1046 834 obsi-

92 883 194 943 debat.
237 884 335 958 Scipio
355 884 430 941 inter
449 884 656 959 gritulantium
678 884 794 958 plausus
815 883 965 956 triumpho
984 900 1046 940 om·
1083 903 1093 949 5

92 991 174 1047 nium
200 989 360 1047 dirissimo
383 990 488 1047 urbem
514 999 557 1047 est
580 989 711 1046 invectus
736 994 905 1062 primusque
928 988 1047 1045 nomine

91 1099 188 1153 victae
216 1101 234 1152 i
260 1099 293 1153 se
320 1096 415 1170 gentis
443 1104 487 1153 est
514 1095 683 1152 n6bilitaitus
707 1082 918 1167 dfricanusque
946 1093 1046 1168 appel·

92 1202 178 1259 latus.

134 1308 182 1364 Ex
206 1305 250 1362 his
273 1305 359 1364 ribus
384 1311 472 1380 gestis
495 1306 590 1363 virum
615 1323 684 1362 eum
709 1323 773 1363 esse
797 1305 911 1362 virtutis
932 1304 1047 1362 divinae

92 1412 181 1486 vulgo
201 1411 347 1469 criditum
368 1421 421 1469 est.
464 1410 501 1468 Id
526 1411 615 1468 etiam
641 1410 740 1468 dicere
762 1409 841 1468 haud
860 1411 950 1484 piget,
966 1409 1047 1485 quod
1071 1441 1096 1471 10

93 1521 252 1592 scriptores
273 1516 312 1574 de
331 1522 368 1574 eo
386 1517 489 1574 litteris
504 1515 725 1587 mandivErunt,
741 1516 909 1590 Scipionem
924 1520 1046 1573 consue-

93 1624 179 1694 visse,
195 1623 366 1697 priusquam
388 1621 591 1693 dilucesceret,
607 1621 637 1678 in
657 1622 836 1695 Capitolium
852 1622 994 1679 ventitire
1013 1639 1047 1678 ac

93 1729 196 1788 iubete
219 1734 324 1802 aperiri
344 1728 448 1785 cellam
464 1729 543 1786 Iovis
558 1737 647 1801 atque
662 1727 702 1785 ibi
717 1727 811 1784 solum
826 1727 877 1785 diri
892 1727 1047 1798 dimoriiri,

94 1833 177 1909 quasi
192 1834 409 1891 consultantem
424 1833 463 1891 de
478 1838 509 1891 re
524 1833 725 1908 publicanum
741 1833 832 1904 Iove3
854 1832 1048 1906 aedituusque

94 1941 157 1998 Eius
177 1939 281 2013 templi
296 1956 385 2012 saepe
407 1956 470 1997 esse
492 1944 620 2010 miritis,
635 1938 717 2012 quod
731 1957 800 1995 eum
813 1938 845 1996 id
860 1938 1002 2012 temporis
1017 1938 1047 1994 in
1070 1965 1094 2013 ις

93 2045 274 2121 Capitolium
296 2044 512 2119 ingredientem
538 2049 636 2115 cauea,
660 2062 778 2118 semper
801 2044 832 2100 in
857 2045 927 2102 alios
956 2043 1046 2100 saevi·

94 2154 188 2221 entes,
211 2154 272 2206 non
293 2149 440 2208 litrairent.
482 2151 548 2207 Has
569 2150 648 2224 vulgi
670 2149 708 2207 de
733 2150 871 2224 Scipione
894 2149 1047 2223 opiniones

94 2256 273 2314 consumite
297 2265 386 2329 atque
416 2234 582 2331 approbiire
605 2256 782 2313 videbantur
806 2254 886 2312 dicta
911 2255 1047 2328 factaque

93 2363 155 2420 iius
180 2361 321 2436 pleraque
343 2360 525 2432 admiranda,
546 2379 583 2418 ex
606 2361 711 2435 quibus
736 2370 780 2418 est
801 2366 893 2418 imum
914 2360 1047 2417 huiusce·

93 2468 177 2526 modi
187 2487 196 2540 ;
226 2466 381 2525 adsidEbat
402 2445 652 2542 oppugna'tbatque
672 2465 818 2541 oppidum
839 2465 870 2522 in
893 2465 1047 2540 Hispania,
1068 2494 1097 2525 20

93 2575 149 2632 sitii
173 2572 388 2646 moenibusque
411 2590 447 2630 ac
471 2571 675 2630 defensoribus
696 2570 825 2629 validum
847 2580 877 2628 et
894 2575 1046 2641 munitum,

92 2686 123 2738 re
138 2681 230 2738 etiam
246 2679 356 2738 cibarii
370 2679 534 2753 copiosum,
550 2695 647 2751 neque
664 2677 723 2734 iilia
740 2677 802 2734 Eius
823 2676 960 2750 potiundi
980 2681 1047 2751 spes

92 2795 164 2844 erat.
208 2784 348 2859 Quodam
370 2784 420 2842 die
440 2784 485 2841 iris
506 2783 537 2840 in
558 2789 659 2840 eastris
681 2782 787 2841 sedens
810 2782 928 2840 dicebat
948 2783 1047 2856 Scipi&

92 2903 182 2966 atque
208 2908 245 2947 ex
269 2895 305 2947 ef)
330 2890 397 2948 loco
420 2887 452 2946 id
476 2887 619 2964 oppidum
643 2888 745 2963 procul
765 2887 928 2946 videbitur.
969 2889 1047 2945 Tum

91 3001 108 3054 ἒ
130 2995 280 3066 militibus,
303 3001 353 3069 qui
377 2995 408 3052 in
430 2994 491 3052 iirre
514 2993 595 3068 apud
620 3011 688 3051 eum
714 2994 837 3064 stabant,
860 2993 1048 3067 interrogavit
1068 3021 1093 3067 ²5

91 3101 239 3176 quispiam
264 3118 301 3158 ex
322 3105 414 3171 more,
429 3100 460 3157 in
482 3118 571 3174 quem
595 3099 674 3157 diem
696 3099 854 3173 locumque
877 3099 966 3157 vades
988 3099 1048 3156 sisti

91 3207 217 3266 iuberet.
260 3207 299 3264 Et
320 3207 418 3282 Scipio
439 3224 560 3263 manum
579 3205 617 3264 ad
635 3206 729 3280 ipsam
744 3205 857 3280 oppidi,
872 3204 954 3278 quod
969 3203 1045 3261 obsi-

90 3313 226 3383 debatur,
248 3330 348 3370 arcem
376 3311 566 3386 protendens,
606 3311 807 3381 “Perendie'‚”
830 3309 933 3382 inquit,
956 3312 1047 3365 “sese

89 3420 196 3478 sistant
223 3418 273 3476 illo
297 3418 329 3475 in
355 3417 452 3475 loc6.”
494 3421 591 3492 Atque
613 3416 655 3472 ita
678 3416 788 3473 facturn
799 3436 808 3487 3
830 3413 879 3470 die
900 3414 994 3483 tertia,
1016 3413 1047 3469 in
