2378 3788
324 200 467 277 Quintus
489 201 612 262 Fabius
635 201 808 262 Maximus
1004 214 1047 279 29

106 322 1045 349 x-—m

107 434 129 477 et
141 424 255 480 Ramae
271 431 301 479 et
315 422 345 478 in
359 422 490 478 exercita
507 422 664 496 imperium
685 422 815 479 haberet.
859 422 915 478 His
936 426 1045 480 serme-

103 527 179 586 nibus
194 532 327 600 accensa,
340 527 425 602 plebs
439 527 576 584 dictatori
590 528 759 602 magistrum
775 527 906 600 equitum
921 527 1047 602 imperia

98 634 240 708 aequavit.
284 634 372 690 Hanc
387 633 521 689 iniuriam
536 638 632 706 aeque
647 633 746 690 animi)
762 633 826 689 tulit
842 633 950 691 Fabius
965 654 1045 693 exer-

95 741 247 813 citumque
262 757 345 795 suum
361 757 428 795 cum
445 739 578 796 Minucia
593 738 697 796 divisit.
740 739 816 796 Cum
832 751 931 798 autem
949 743 1045 799 Minu-

93 847 157 903 cius
176 849 288 902 temere
308 845 453 919 proelium
475 845 678 916 commisisset,
697 851 724 901 ei
745 847 920 919 periclitanti
940 849 1047 906 auxilii)
1083 872 1094 920 5

90 952 174 1009 venit
189 950 306 1008 Fabius.
349 950 439 1009 Caius
460 951 556 1009 subite
577 950 705 1007 adventii
727 970 875 1026 repressus
897 956 1047 1014 Hannibal

91 1062 229 1131 receptui
250 1056 366 1128 cecinit,
382 1056 479 1129 palam
501 1056 662 1128 confessus,
678 1058 715 1115 ab
737 1062 767 1115 se
790 1060 963 1132 Minucium,
978 1066 1010 1119 se
1031 1067 1048 1118 a

91 1163 189 1222 Fabio
216 1165 325 1219 victum
354 1179 427 1219 esse.
469 1161 658 1219 Redeuntem
689 1181 725 1220 ex
753 1165 817 1222 acie
845 1166 952 1224 dixisse
980 1185 1048 1224 eum

91 1270 202 1339 ferunt,
226 1267 347 1324 tandem
371 1286 436 1324 eam
458 1268 578 1339 nibem,
598 1286 673 1342 quae
695 1268 798 1327 sedere
820 1271 850 1327 in
870 1272 943 1346 iugis
965 1291 1047 1330 mon-

92 1375 170 1433 tium
185 1373 271 1430 solita
289 1384 376 1445 esset,
392 1391 459 1429 cum
483 1374 612 1447 procella
634 1375 757 1433 imbrem
781 1375 907 1434 dedisse.
951 1378 1048 1435 Minu·
1072 1409 1097 1440 ιο

92 1481 157 1538 cius
173 1488 273 1536 autem
287 1479 418 1554 pericula
432 1479 569 1536 liberatus
590 1490 684 1537 castra
702 1499 770 1565 curp
793 1482 885 1539 Fabio
907 1484 999 1541 iimxit
1020 1493 1050 1542 et
1101 1488 1104 1495 '

93 1597 212 1662 patrem
227 1603 294 1641 eum
309 1585 466 1659 appellavit
482 1585 622 1660 idemque
639 1586 735 1643 facere
751 1587 856 1645 milites
871 1588 960 1646 iussit.

137 1694 245 1749 Postea
260 1691 409 1749 Hannibal
423 1693 553 1750 Tarenti)
572 1710 625 1766 per
645 1692 844 1767 preditianem
866 1700 975 1767 potitus
996 1705 1048 1753 est.

96 1801 187 1856 Hanc
208 1797 312 1856 urbem
333 1807 365 1854 ut
387 1799 492 1855 Poenis
516 1797 673 1870 traderent,
690 1799 833 1856 tredecim
855 1799 916 1857 sere
937 1801 1049 1859 nabiles

96 1906 217 1962 iuvenes
231 1904 382 1962 Tarentini
397 1905 628 1962 coniiuaverant.
674 1906 717 1961 Hi
737 1914 825 1962 nocte
846 1923 900 1980 per
920 1908 1049 1980 speciem
1073 1930 1096 1977 ις

95 2011 224 2069 venandi
248 2012 320 2069 urbe
344 2015 454 2086 egressi
476 2010 515 2068 ad
541 2010 752 2081 Hannibalem,
773 2017 824 2084 qui
844 2011 923 2068 haud
948 2012 1050 2085 procul

96 2128 192 2175 castra
213 2117 350 2189 habebat,
368 2122 520 2174 venerunt.
563 2117 619 2174 Cui
640 2135 718 2186 cum,
740 2116 811 2190 quid
834 2123 978 2190 pararent,
1001 2135 1049 2173 ex·
1080 2125 1085 2134 “

96 2225 272 2299 posuissent,
287 2223 474 2281 conlaudavit
489 2228 540 2281 cas
556 2222 707 2280 Hannibal
724 2223 904 2296 monuitque,
919 2233 951 2280 ut
966 2223 1049 2281 rede-

95 2336 181 2389 untes
206 2349 317 2407 peoora
340 2330 634 2405 Carthaginiensium,
662 2347 737 2402 quae
767 2334 883 2402 pastum
912 2329 1050 2402 prepulsa

97 2448 203 2509 essent,
227 2436 267 2494 ad
291 2438 394 2495 urbem
420 2447 549 2511 agerent,
571 2446 601 2492 et
625 2434 713 2492 veluti
738 2434 879 2508 praedam
905 2452 941 2490 ex
965 2434 1050 2492 hoste
1071 2459 1099 2491 20

97 2545 204 2601 factam
220 2552 270 2600 aut
288 2543 438 2617 praefecto
460 2552 509 2599 aut
530 2542 702 2599 custadibus
724 2545 873 2613 porterum
896 2539 1048 2597 donarent.
1129 2580 1132 2585 -

97 2649 134 2707 Id
148 2650 255 2708 iterum
274 2667 309 2706 ac
329 2649 445 2723 saepius
466 2649 504 2706 ab
526 2655 566 2705 eis
585 2649 692 2705 factum
716 2651 810 2719 eoque
830 2645 1049 2702 censuetiidinis

96 2755 228 2813 adducta
255 2759 301 2812 res
329 2763 382 2824 est,
407 2764 448 2824 ut,
468 2759 656 2828 quecumque
678 2752 777 2809 noctis
803 2760 936 2824 tempore
966 2751 1049 2809 sibile

96 2860 250 2919 dedissent
275 2866 398 2934 signum,
423 2869 509 2933 porta
533 2859 612 2916 urbis
639 2862 807 2932 aperiretur.
857 2857 941 2913 Tunc
966 2858 1048 2913 Han-

95 2967 176 3025 nibal
203 2971 255 3024 ees
282 2975 371 3022 nocte
397 2964 498 3022 media
521 2983 589 3020 cum
617 2964 723 3022 decem
754 2962 868 3020 milibus
896 2962 1049 3019 hominum
1070 2994 1096 3040 25

96 3072 281 3130 delectorum
307 3075 424 3128 secatus
449 3080 501 3127 est.
554 3070 614 3128 Ubi
638 3079 741 3143 portae
767 3069 1048 3143 appropinquarunt,

96 3184 167 3237 nata
184 3178 323 3234 iuvenum
341 3181 447 3233 vexet
469 3175 608 3232 familiare
630 3182 742 3249 signum
764 3174 882 3248 vigilem
904 3173 1047 3230 excitavit.

97 3285 167 3342 Duo
181 3288 267 3357 primi
279 3282 444 3339 inferebant
459 3299 563 3354 aprum
577 3285 650 3338 vasti
669 3280 807 3354 corporis.
850 3279 927 3352 Vigil
948 3279 1047 3335 incau-

96 3398 143 3447 tus
157 3387 229 3445 dum
249 3387 353 3446 beluae
374 3386 605 3462 magnitudinem
627 3391 752 3455 miratur,
767 3384 912 3441 venabula
934 3389 1048 3441 occisus
