2378 3788
412 198 579 261 Aemilius
600 198 732 262 Paulus
1006 217 1043 279 31

102 436 150 480 nae
174 421 334 479 mssaiestatis
359 420 441 477 taciti
467 420 687 495 praeterierant.
730 419 820 494 Quod
849 439 917 477 cum
944 421 1047 479 consul

100 526 357 596 animadvertisset,
372 525 539 600 proximum
558 526 691 583 lictorem
712 526 793 584 iussit
814 526 971 584 inclamare
991 528 1045 584 Fa-

97 635 144 694 bio
159 639 244 708 patri,
260 643 293 689 ut
308 650 344 690 ex
358 635 436 706 equo
450 631 655 690 descenderet.
699 633 785 689 Pater
805 641 868 689 turn
889 632 1035 706 desiliens,

98 744 114 770 “
126 740 195 797 Non
209 757 275 814 ego,
292 738 363 811 lili,”
379 739 482 813 inquit,
498 745 515 771 “
526 751 608 798 tuum
630 740 787 814 imperinm
803 749 978 816 contempsi,
993 742 1047 800 sed

97 852 219 920 experiri
236 847 323 919 volui,
338 867 409 905 num
431 855 518 907 scires
540 851 690 908 consulem
713 856 743 908 te
764 853 857 909 esse.'’
899 850 947 908 Ad
968 871 1044 909 sum·
1081 874 1092 922 5

94 972 175 1011 mam
203 960 387 1014 senectutem
414 958 484 1015 vixit
513 959 620 1017 Fabius
649 960 805 1031 Maximus,
831 958 935 1035 dignus
964 964 1045 1017 tanto

92 1063 284 1138 cognomine.
334 1064 455 1121 Cautior
476 1082 565 1139 quam
590 1066 754 1140 promptior
779 1065 893 1123 habitus
916 1076 969 1138 est,
992 1065 1045 1123 sed

90 1169 181 1226 insita
206 1169 267 1227 Eius
290 1170 408 1244 ingenio
431 1170 589 1245 pnidentia
611 1177 638 1228 ei
662 1171 749 1243 bello,
770 1170 852 1245 quod
878 1181 939 1228 tum
962 1177 1045 1247 gere-

93 1276 189 1346 batur,
205 1275 324 1349 proprie
341 1286 411 1349 apta
432 1286 501 1333 erat.
545 1276 665 1334 Nemini
683 1275 806 1335 dubium
825 1287 878 1348 est,
894 1283 964 1350 quin
982 1295 1045 1335 rem

93 1381 263 1438 Romanam
284 1380 452 1440 cunctando
473 1382 639 1439 restituerit.
1069 1411 1095 1442 ιο

142 1637 238 1693 XVI.
267 1637 439 1690 Aemilius
457 1637 593 1690 Paulus
612 1640 643 1690 ei
666 1638 846 1691 Terentius
874 1638 996 1692 Γαννὸ.

516 1777 564 1822 216
581 1785 628 1820 ne.

135 1907 213 1967 Cum
235 1907 385 1966 Hannibal
407 1907 437 1964 in
454 1894 590 1981 Apuliam
612 1908 801 1982 pervenisset,
817 1907 955 1965 adversus
977 1926 1044 1964 eum

93 2016 194 2072 Roma
213 2013 340 2088 profecti
362 2023 429 2071 sunt
451 2012 511 2070 dno
532 2013 675 2083 consules
692 2014 724 2070 L.
740 2013 880 2070 Aemilius
896 2015 1000 2072 Paulus
1015 2023 1045 2071 et

93 2120 129 2178 C.
144 2119 300 2176 Terentius
315 2119 416 2176 Varro.
459 2120 548 2175 Paulo
569 2119 651 2175 Fabii
670 2119 817 2176 cunctatio
838 2119 929 2194 magis
946 2120 1043 2194 place-

93 2225 164 2297 bat;
178 2226 272 2282 Varro
293 2235 401 2296 autem,
416 2224 499 2282 ferox
521 2234 550 2280 et
572 2225 750 2294 temerarius,
772 2225 883 2282 {eriora
904 2226 1044 2300 sequeba-

94 2342 141 2390 tur
151 2331 283 2389 consilia.
321 2331 398 2388 Cum
409 2331 498 2388 ambo
512 2330 551 2387 ad
562 2337 667 2402 vicum,
679 2338 729 2404 qui
743 2332 863 2388 Cannae
879 2332 1043 2406 appellaba·
1067 2318 1090 2400 ἐς

94 2448 150 2508 tur,
159 2449 255 2496 eastra
271 2438 445 2511 posuissent,
455 2437 546 2494 Varro
561 2437 651 2494 invito
667 2438 789 2512 conligi
803 2438 897 2494 aciem
910 2438 1045 2496 instruxit

95 2553 124 2602 et
135 2551 249 2620 signum
260 2549 376 2619 prignae
387 2542 480 2601 dedit.
523 2543 673 2601 Hannibal
687 2553 784 2600 autem
801 2544 841 2599 ita
855 2543 1044 2601 constituerat

95 2650 199 2723 aciem,
214 2660 246 2708 ut
261 2652 402 2707 Romanis
418 2659 447 2706 et
462 2649 529 2706 solis
545 2649 619 2706 radii
632 2659 662 2706 et
677 2661 779 2706 ventus
794 2648 832 2706 ab
849 2649 962 2706 oriente
981 2650 1043 2724 pul-

93 2775 194 2815 verem
207 2756 321 2814 adflans
336 2755 450 2814 adversi
464 2746 570 2812 essent.
613 2756 714 2812 Victus
736 2773 896 2829 caesusque
918 2765 962 2812 est
984 2756 1043 2812 Ro-

94 2870 197 2922 manus
218 2862 363 2921 exercitus
374 2883 382 2932 3
405 2864 549 2934 nrisqnam
569 2862 701 2935 graviore
721 2861 839 2918 vulnere
861 2860 979 2919 adflicta
1001 2872 1044 2918 est
1066 2893 1093 2922 20

93 2976 138 3029 res
160 2970 288 3045 pfiblica.
331 2967 436 3025 Paulus
464 2967 527 3024 telis
555 2968 676 3025 obrutus
701 2967 828 3039 cecidit;
859 2987 947 3042 quem
976 2986 1043 3023 cum

92 3076 193 3135 media
223 3077 254 3133 in
285 3081 385 3150 prignai
414 3075 567 3133 sedentem
598 3075 627 3131 in
657 3080 726 3130 saxo
756 3075 908 3149 oppletum
940 3079 1042 3130 cruore

92 3184 296 3258 conspexisset
317 3182 437 3257 quidam
460 3182 590 3240 tribtinus
612 3181 745 3253 militurn,
779 3182 919 3254 “Cape’'
939 3181 1041 3253 inquit,

93 3289 200 3346 “hunc
223 3306 332 3363 equum
358 3298 387 3345 et
413 3289 489 3362 suge,
513 3287 626 3362 Aemili.
671 3288 767 3343 Etiam
791 3287 853 3342 sine
877 3291 926 3343 tui
948 3295 1042 3341 morte

92 3393 277 3462 lacrimarum
302 3393 371 3457 satis
392 3392 545 3465 ltictrisqne
571 3392 655 3454 est.”·
686 3391 732 3452 ‚td
758 3409 793 3448 ea
821 3390 940 3446 consul:
971 3391 1042 3445 “Tii
1064 3422 1089 3468 23
