2378 3788
269 222 280 244 ·
352 191 476 253 Lucius
502 189 668 254 Cornelius
693 191 789 254 Sulla
1003 204 1041 271 55

90 417 220 473 Romam
236 415 421 491 properiviu
444 419 504 485 eos,
520 420 571 488 qui
592 413 688 472 Mario
710 413 856 485 favebant,
872 419 976 473 omnes
997 433 1042 472 su·

90 521 214 594 perivit.
257 520 338 578 Nihil
363 497 462 578 autent
486 525 521 577 eei
543 520 664 577 victoria
684 519 738 577 suit
758 518 915 578 crudelius.
958 521 1043 591 Suila,

89 626 196 685 urbem
219 626 364 702 ingressus
388 636 417 683 et
442 625 570 683 dictator
592 630 715 696 creitus,
738 625 784 682 vel
806 625 836 683 in
858 631 918 697 eos,
940 633 991 700 qui
1013 630 1044 683 se

90 742 198 806 sponte
227 731 414 803 dediderant,
439 731 522 789 iussit
550 730 752 788 animadverti.
795 731 942 804 Quattuor
967 731 1046 789 milia

90 838 262 895 diditorum
298 837 452 895 inermium
487 836 594 893 civium
630 836 660 894 in
683 836 770 896 Circo
802 836 927 895 interfici
954 837 1045 895 iussit.
1081 857 1093 906 5

92 943 167 1015 Quis
190 953 289 1000 autem
314 943 378 1000 illos
402 951 500 1017 potest
525 947 707 1016 computare,
730 947 805 1016 quos
830 943 860 1000 in
882 942 955 1001 urbe
979 960 1044 1016 pas-

91 1049 157 1119 sim,
180 1048 311 1122 quisquis
332 1048 431 1119 voluit,
453 1048 572 1119 occidit,
595 1046 692 1105 donec
718 1046 893 1106 admonEret
914 1048 1047 1106 Fufidius

91 1153 224 1227 quidam,
239 1160 336 1211 vivere
357 1154 470 1227 aliquos
492 1153 612 1225 dEbere,
626 1162 659 1211 ut
679 1164 785 1225 essent,
800 1154 906 1228 quibus
921 1154 1054 1228 impera-¹

92 1261 159 1316 ret?
191 1259 278 1316 Novo
304 1270 333 1316 et
357 1259 488 1316 inaudito
511 1259 648 1334 exemplo
673 1259 803 1317 tabulam
826 1260 1046 1334 proscriptionis

92 1364 257 1439 proposuit,
286 1370 344 1438 quai
375 1365 496 1421 nomina
527 1369 638 1435 eorum,
668 1371 718 1438 qui
750 1364 908 1423 occidendi
939 1376 1046 1437 essent,
1070 1390 1096 1420 ιο

93 1470 339 1542 continEbantur5
368 1488 496 1544 cumque
520 1470 652 1528 omnium
679 1480 743 1528 orta
771 1480 848 1529 esset
875 1470 1046 1546 indignatio,

93 1575 238 1650 postridie
256 1576 338 1649 plura
357 1576 446 1634 etiam
466 1576 575 1634 adiecit
593 1576 723 1634 nomina.
766 1578 875 1651 Ingens
895 1583 1047 1636 caesorum

94 1683 148 1739 suit
171 1681 338 1740 multitudo.
381 1683 447 1740 Nec
472 1682 566 1740 solum
595 1682 626 1738 in
654 1687 705 1740 eos
734 1683 863 1754 saevivit,
887 1690 937 1757 qui
961 1690 1047 1741 armis

94 1793 199 1845 contra
226 1792 257 1845 se
286 1786 513 1860 dimica‘rvissent
535 1787 589 1845 sed
618 1788 706 1844 etiarn
735 1789 828 1861 quieti
856 1789 946 1845 animi
970 1793 1047 1846 cives

94 1904 218 1968 propter
242 1893 385 1967 pecuniae
411 1893 644 1968 maignitudinem
670 1898 899 1969 proscriptorum
924 1899 1048 1951 numero
1071 1918 1095 1965 ις

95 1998 215 2056 adiecit.
266 1999 344 2057 Civis
372 1999 492 2073 quidam
527 1998 669 2069 innoxius,
698 2001 746 2056 cui
780 1999 886 2058 sundus
918 2000 949 2057 in
978 2003 1048 2073 agro

95 2105 212 2163 Albino
232 2081 387 2176 erat-cum
408 2104 508 2179 legens
529 2109 758 2179 proscriptorum
781 2105 905 2162 nomina
924 2110 955 2162 se
975 2124 1048 2178 quo-

95 2228 155 2284 que
176 2208 290 2268 videret
314 2209 505 2285 adscriptum,
537 2211 655 2281 “Vae‚”
674 2210 778 2284 inquit,
800 2210 935 2268 “misero
956 2211 1048 2268 mihi!

98 2321 147 2373 me
178 2314 285 2372 fundus
313 2315 442 2374 Albinus
471 2313 683 2389 persequitur.'’
732 2316 838 2389 Neque
866 2317 954 2390 longe
982 2321 1048 2390 pro·

96 2439 212 2496 gressus
234 2426 252 2477 i
272 2419 412 2494 quodam,
427 2427 478 2495 qui
499 2439 565 2478 eum
588 2425 755 2495 agnoverat,
771 2421 923 2478 confossus
946 2432 998 2478 est.
1071 2447 1099 2478 20
1152 2413 1153 2416 '

138 2526 277 2600 D'e'pulsis
296 2531 505 2600 prostritisque
526 2525 710 2584 inimicorum
731 2525 860 2600 partibus
878 2526 956 2584 Sulla
975 2527 998 2582 F
1000 2527 1049 2584 eli-

97 2651 165 2690 cem
193 2636 225 2689 se
250 2631 349 2690 Edicto
375 2632 548 2706 appeliivit3
579 2649 707 2705 eumque
733 2632 793 2689 eius
817 2649 892 2688 uxor
916 2632 1050 2706 geminos

98 2737 207 2796 eodem
229 2747 299 2794 tune
320 2742 406 2810 partit
428 2736 577 2808 {didisset
600 2755 724 2811 puerum
748 2737 887 2794 Faustum
909 2737 1049 2811 puellam-

98 2861 157 2918 que
181 2843 319 2899 Faustam
344 2843 488 2899 nominari
513 2842 613 2900 voluit.
655 2841 713 2900 Sed
742 2848 842 2916 paucis
872 2849 954 2899 annis
983 2853 1051 2917 post

98 2958 222 3022 repente
244 2953 347 3010 contra
368 2949 499 3004 omnium
525 2948 777 3022 exspectationem
801 2946 977 3004 dictaturam
999 2948 1049 3005 de-
1072 2973 1098 3020 ²5

99 3053 207 3129 posuit.
244 3055 375 3110 Dimissis
389 3053 539 3111 lictoribus
554 3052 605 3110 diu
624 3053 654 3109 in
673 3053 736 3110 foro
751 3071 818 3109 cum
838 3059 938 3110 amicis
953 3052 1052 3109 deam·

100 3158 219 3217 bulavit.
262 3158 405 3232 Stupebat
430 3158 555 3232 populus
578 3177 645 3215 eum
670 3165 815 3232 privatum
836 3157 949 3229 videns
970 3159 1051 3216 cuius

100 3263 192 3321 modo
221 3272 281 3321 tam
310 3263 499 3321 formidolosa
527 3264 619 3321 fuerat
647 3271 797 3337 potestas3
826 3263 966 3337 quodque
991 3270 1052 3321 non
1102 3298 1105 3306 ·

100 3369 197 3426 miuus
223 3368 388 3426 mirandum
416 3369 478 3439 suit,
500 3374 611 3442 privato
639 3375 666 3424 ei
691 3375 751 3426 non
779 3369 872 3425 solum
895 3368 980 3439 saltis,
999 3366 1052 3425 sed
