2378 3788
218 185 248 247 Τ
246 184 366 247 iberius
393 186 555 249 Gracchus
577 198 610 250 ct
634 189 739 252 Gaius
765 191 928 253 Gracchus
1004 206 1043 272 45

92 405 132 463 ad
147 411 199 463 eos
213 405 399 480 repellendos
413 423 487 480 opus
503 417 594 465 erant.
637 409 727 482 Quod
742 410 792 468 ubi
807 410 972 484 praedonas
985 413 1045 470 ani-

94 511 323 582 madverterunt,
332 512 454 570 abiectis
468 519 555 571 armis
567 515 670 572 ianuae
682 517 918 591 appropinquant
930 528 959 575 et
971 518 1048 576 clara

91 623 168 674 voce
189 618 325 674 nantiant
346 618 482 693 Scipitini,
499 623 530 676 se
552 625 612 677 nan
632 627 708 677 vitae
724 621 785 679 aius
801 622 908 694 hostes,
924 623 977 681 sed
990 624 1045 681 vir·

94 723 165 781 tritis
193 723 384 782 admirataras
411 725 535 796 vanisse5
560 731 754 801 canspectum
783 735 855 785 tanti
882 729 943 799 viri,
963 731 1046 804 quasi

93 831 222 888 caeleste
237 831 357 906 aliquod
374 831 561 904 beneficium,
577 839 769 908 expetentas3
791 834 916 909 proinde
930 841 968 893 na
982 854 1045 911 gra-
1081 863 1091 911 ς

93 943 209 996 var'e'tur
231 944 262 997 se
283 940 477 1014 spectandum
499 942 651 1015 praebare.
694 945 780 1000 Haec
796 953 952 1018 postquam
968 943 1046 1001 audi-

93 1047 136 1104 vit
164 1047 272 1121 Scipio,
301 1048 377 1106 foras
407 1055 527 1107 reserari
555 1055 665 1125 easque
694 1051 840 1109 introdaci
868 1052 958 1110 iussit.
1000 1052 1046 1109 Illi

93 1160 196 1229 postes
220 1155 323 1213 ianuae
348 1166 499 1230 tamquam
524 1158 770 1232 religiosissimam
799 1165 878 1216 aram
906 1166 1044 1231 venerati,

94 1261 206 1337 cupida
224 1262 367 1336 Scipionis
382 1263 515 1320 dextram
531 1264 791 1339 apprehendarunt
806 1284 840 1322 ac
855 1265 906 1323 diii
921 1265 1044 1324 deoscu-

93 1371 144 1426 lati
159 1379 245 1441 sunt;
267 1368 376 1427 deinde
391 1370 493 1443 positis
508 1381 576 1427 ante
590 1371 765 1429 vestibulum
777 1371 862 1429 danis
876 1372 953 1442 laeti,
963 1371 1044 1447 quod
1068 1395 1093 1425 ιο

93 1475 160 1546 sibi,
176 1474 345 1549 Scipianem
366 1484 398 1531 ut
420 1474 562 1547 vidarent,
578 1477 757 1552 contigisset,
773 1477 896 1534 domum
919 1483 1044 1535 reverta-

92 1590 169 1638 runt.
213 1581 302 1637 Paula
317 1590 383 1654 post
398 1591 530 1648 mortuus
542 1591 585 1638 est
600 1582 697 1655 Scipia
709 1584 895 1658 moriansque
906 1584 944 1641 ab
955 1589 1045 1641 uxare

92 1686 187 1762 petiit,
202 1690 241 1743 na
255 1703 362 1760 corpus
376 1704 461 1744 suum
477 1687 603 1744 Ramam
618 1688 781 1746 referratur.

103 2027 242 2080 XVIII.
282 2026 440 2080 Tiberius
461 2025 639 2081 Gracchus
658 2031 689 2080 et
710 2027 821 2082 Gaius
842 2029 1032 2084 Gracchus.

132 2214 269 2271 Tiberius
293 2223 322 2270 et
345 2213 434 2271 Gaius
458 2213 585 2271 Gracchi
607 2214 750 2288 Scipionis
774 2201 900 2272 dsricani
926 2235 961 2272 ex
985 2217 1046 2274 lilia

91 2323 219 2393 nepotas
248 2328 339 2376 erant.
390 2320 508 2377 Harum
537 2318 737 2376 adulescentia
764 2320 849 2378 bonis
877 2321 987 2379 artibus
1016 2332 1045 2379 et
1069 2345 1092 2392 ¹5

92 2429 201 2499 magna
221 2424 352 2482 omnium
374 2429 427 2498 spa
449 2431 552 2481 exacta
567 2435 630 2496 est3
652 2424 689 2481 ad
705 2426 853 2500 Egregiam
868 2427 947 2483 enim
961 2427 1045 2485 indo-

91 2532 152 2589 lem
175 2531 288 2605 optima
310 2531 473 2588 accedabat
495 2530 640 2588 educatia.
684 2533 774 2589 Erant
796 2533 874 2588 enim
896 2532 1047 2607 diligentia

92 2637 249 2696 Corneliae
272 2638 370 2695 matris
393 2644 410 2695 a
428 2645 524 2712 pueris
539 2638 621 2696 docti
635 2649 664 2696 et
679 2640 800 2697 Graecis
815 2639 916 2695 litteris
931 2638 1045 2696 aruditi.

92 2744 258 2801 Maximum
281 2749 419 2801 matranis
441 2749 647 2802 ornamentum
669 2762 732 2801 esse
754 2744 860 2801 liberos
878 2745 954 2801 bene
969 2744 1047 2801 insti·

90 2853 172 2907 tutos
189 2849 292 2907 merita
306 2851 428 2923 putabat
443 2856 536 2907 mater
547 2850 594 2906 illa
606 2850 827 2923 sapientissima.
871 2850 947 2907 Cum
958 2849 1045 2906 Cam·
1068 2874 1095 2904 20

90 2933 173 3039 pana
196 2960 338 3026 matrana,
360 2955 440 3029 apud
464 2955 542 3012 illam
567 2954 693 3028 hospita,
719 2960 892 3012 amamenta
915 2973 974 3024 sua,
998 2954 1046 3011 illo

91 3058 213 3118 saecula
239 3059 444 3133 pulcherrima,
468 3065 628 3118 ostentaret
650 3066 677 3117 ei
699 3060 887 3132 muliebriter,
910 3059 1046 3118 Cornalia

91 3165 180 3223 traxit
205 3183 270 3221 eam
296 3171 440 3236 sermane,
462 3169 615 3240 quodsque
638 3170 656 3222 ἓ
678 3165 779 3223 schola
803 3165 932 3223 redirent
953 3165 1044 3223 liberi.

92 3271 178 3344 Quas
194 3276 324 3329 reversos
340 3272 474 3345 hospitae
489 3270 657 3341 ostendens,
674 3275 691 3300 “
703 3273 819 3340 Haec,’'
835 3271 937 3344 inquit,
954 3274 1048 3326 “mea

91 3381 268 3434 ornamenta
282 3377 377 3434 sunt.”
420 3376 502 3434 Nihil
513 3375 635 3451 quidem
645 3375 689 3433 his
701 3375 939 3433 adulascentibus
950 3393 1047 3449 neque
1069 3404 1094 3450 ²5
