2378 3788
326 235 469 297 Publius
495 234 664 298 Cornelius
688 236 797 318 Scipio
1005 254 1046 318 39

92 468 122 516 et
133 476 221 533 grave
233 457 342 516 bellum
357 458 475 516 horrere
490 459 659 532 apperebat.
701 460 786 516 Tunc
801 459 898 532 Scipie
914 459 1045 517 militiam

92 571 134 621 eis
156 568 187 621 se
209 565 395 622 remisserum
417 565 466 635 ait,
479 571 502 621 si
522 583 602 621 arma
621 575 650 622 et
669 570 760 638 eques
780 566 918 625 militibus
936 568 1044 624 Reme-

91 676 136 727 nis
159 669 318 727 voluissent
343 670 467 727 tredere.
521 671 604 727 Laeti
631 669 840 728 condicidnem
867 676 1046 746 acceperunt

92 776 213 833 iuvenes
241 775 338 833 Siculi.
384 776 431 832 Ita
458 776 555 850 Scipie
581 776 642 833 sine
672 776 789 850 priblice
816 777 951 850 impense
978 783 1045 836 sues

91 881 228 938 instrirxit
249 881 421 955 ernivitque
444 881 566 955 equites.
1082 904 1092 950 5

132 987 218 1042 Tunc
240 986 337 1059 Scipie
358 1005 395 1043 ex
416 986 515 1044 sieilia
535 987 565 1043 in
584 977 713 1044 iliricam
727 993 816 1045 vente
831 978 962 1046 secunde
977 1007 1043 1063 pro-

92 1092 187 1148 fectus
209 1102 253 1149 est
275 1096 357 1148 tante
379 1092 502 1148 militum
524 1092 638 1163 erdere,
654 1103 685 1149 ut
707 1098 766 1150 nen
788 1093 825 1150 ad
849 1093 956 1150 bellum
977 1094 1045 1151 drici

91 1196 271 1269 viderentur,
297 1187 351 1255 se'd
379 1198 417 1255 ad
445 1209 527 1255 certa
553 1197 692 1255 victeriae
722 1199 860 1272 praemia.
903 1199 1045 1256 Celeriter

92 1307 182 1359 neves
210 1306 227 1359 e
254 1307 420 1377 censpeetir
445 1303 559 1360 Siciliae
588 1304 701 1361 abletae
730 1314 798 1361 sunt
825 1309 1045 1379 censpectaque

92 1409 175 1466 brevi
199 1393 315 1465 iliricae
340 1408 432 1466 litora.
475 1398 573 1483 Scipie
601 1427 670 1465 cum
696 1409 849 1483 egrediens
874 1410 912 1467 ad
937 1420 1044 1468 terram
1068 1433 1093 1464 ιο

92 1519 159 1571 nevi
173 1513 326 1588 prelzipsus
344 1525 420 1572 esset
440 1525 470 1571 et
487 1515 526 1572 ob
544 1514 601 1571 bec
620 1515 760 1572 attonites
779 1514 883 1572 milites
901 1526 1043 1587 cerneret,

92 1619 133 1690 id,
149 1618 231 1693 quod
247 1618 472 1693 trepidetienem
489 1619 651 1690 adferebat,
666 1620 696 1676 in
711 1620 907 1678 hortetienem
923 1639 1042 1679 conver-

92 1729 167 1797 tem,
201 1728 219 1755 ‘⁴
228 1711 357 1782 [lincam
375 1727 535 1800 oppressi,'’
552 1726 656 1800 inquit,
672 1726 806 1784 “milites
820 1730 825 1783 l
837 1728 852 1752 ”
896 1728 1044 1801 Expositis

92 1831 187 1906 cepiis
206 1831 237 1888 in
258 1831 397 1905 proximis
418 1831 535 1889 tumulis
557 1842 651 1889 castra
672 1837 797 1890 metitus
820 1842 871 1890 est.
915 1833 961 1890 Ibi
978 1851 1044 1908 spe-

91 1936 238 1995 culeteres
257 1936 385 1994 hostium
404 1937 434 1994 in
454 1943 554 1994 castris
579 1937 783 2011 deprehenses
805 1948 834 1995 et
859 1937 896 1995 ad
922 1943 954 1995 se
979 1956 1043 2012 per·
1067 1958 1091 2004 15

91 2042 200 2100 ductes
221 2059 278 2099 nec
299 2043 442 2117 supplicii>
465 2042 577 2100 adiecit
597 2061 653 2100 nec
677 2042 715 2100 de
734 2043 861 2100 censiliis
881 2062 915 2100 ac
937 2044 1044 2101 viribus

92 2150 260 2206 Poenerum
276 2154 464 2222 percontetus
485 2158 538 2219 est,
554 2148 607 2205 sed
626 2148 704 2204 circe
724 2154 827 2206 omnes
849 2150 975 2206 Remini
994 2167 1043 2205 ex-

91 2253 201 2312 ercitiis
226 2253 390 2328 manipules
414 2254 524 2311 cerevit
549 2253 742 2311 dedecendes
753 2275 761 2326 ;
790 2253 860 2310 dein
885 2255 1043 2328 interroge-

92 2365 148 2430 t6s‚
173 2377 244 2415 num
274 2377 309 2416 ea
336 2359 404 2416 satis
428 2357 671 2430 censideressent,
694 2377 769 2432 quae
795 2360 938 2433 speculeri
962 2370 1044 2417 erant

91 2467 170 2537 iussi,
193 2464 317 2539 prandii>
338 2465 409 2522 date
430 2465 592 2522 incolumes
614 2465 732 2522 dimisit.
1064 2486 1092 2516 20

134 2571 263 2644 Scipieni
280 2571 311 2627 in
325 2555 453 2627 diricam
474 2569 641 2628 advenienti
663 2570 819 2628 Masinissa
840 2575 871 2627 se
892 2570 1044 2628 coniimxit

91 2695 161 2747 cum
176 2682 265 2751 parve
279 2677 410 2750 equitum
430 2682 534 2733 tumre.
576 2660 694 2750 Syphex
713 2681 783 2733 vere
805 2682 822 2732 {1
843 2678 984 2756 Ramanrs
1005 2675 1043 2733 ad

93 2786 211 2841 Poenes
232 2781 392 2840 deiecerat.
435 2782 615 2854 Hasdrubal,
631 2784 797 2840 Poenemm
818 2782 889 2852 dux,
913 2782 1042 2856 Syphex-

91 2907 152 2964 que
176 2889 305 2963 Scipieni
329 2892 360 2945 se
383 2893 584 2963 opposuerunt
595 2909 603 2958 3
626 2894 677 2962 qui
698 2894 846 2962 utriusque
870 2898 965 2945 castra
986 2893 1045 2945 ime

91 3004 183 3053 nocte
204 2993 336 3069 perrirpit
358 3003 388 3051 et
408 2993 550 3051 incendit.
592 2993 709 3067 Syphex
723 2994 787 3067 ipse
802 3003 905 3068 captus
921 3003 950 3051 et
965 2999 1043 3050 vivus
1064 3011 1089 3058 25

90 3099 132 3158 ad
147 3100 316 3174 Scipienem
331 3104 493 3173 pertrectus
509 3109 561 3156 est.
604 3099 768 3174 Syphecem
783 3099 813 3154 in
827 3109 922 3156 eastra
935 3098 1044 3156 addirci

92 3223 162 3262 cum
188 3216 265 3263 esset
289 3206 463 3276 nimiarum,
486 3205 581 3263 omnis
605 3205 684 3261 velut
706 3205 744 3262 ad
768 3205 968 3278 specteculum
994 3204 1042 3260 tri-

91 3309 197 3384 umphi
219 3310 376 3368 multitfide
399 3311 490 3368 efffisa
512 3321 556 3368 est
567 3331 574 3382 ;
600 3310 799 3384 praecedebat
823 3310 885 3382 ipse
910 3309 1023 3365 vinctus
1034 3328 1042 3379 3

92 3416 271 3490 sequebEtur
290 3435 362 3492 grex
384 3417 526 3475 nerbilium
552 3419 731 3473 Maurerum.
775 3413 917 3471 Movebat
940 3417 1043 3471 omnes
